%% This BibTeX bibliography file was created using BibDesk.
%% http://bibdesk.sourceforge.net/


%% Created for Chi Pang Lam at 2012-04-04 15:43:55 -0700 


%% Saved with string encoding Unicode (UTF-8) 



@article{Ganesh:2012,
	Author = {Arvind Ganesh and Kerui Min and John Wright and Yi Ma},
	Date-Added = {2012-04-04 15:27:30 -0700},
	Date-Modified = {2012-04-04 15:28:59 -0700},
	Journal = {submitted to International Symposium on Information Theory},
	Title = {Principal Component Pursuit with Reduced Linear Measurements},
	Year = {2012}}

@chapter{Zhang:2011,
	Author = {Zhengdong Zhang and Xiao Liang and Arvind Ganesh and Yi Ma},
	Booktitle = {Computer Vision -- ACCV 2010},
	Date-Added = {2012-04-04 15:23:42 -0700},
	Date-Modified = {2012-04-04 15:24:47 -0700},
	Doi = {10.1007/978-3-642-19318-7_25},
	Pages = {314--328},
	Series = {Lecture Notes in Computer Science},
	Title = {TILT: Transform Invariant Low-Rank Textures},
	Volume = {6494},
	Year = {2011},
	Bdsk-Url-1 = {http://www.springerlink.com/content/h411h4lh021x8k40/export-citation/fulltext.pdf},
	Bdsk-Url-2 = {http://dx.doi.org/10.1007/978-3-642-19318-7_25}}

@inproceedings{Peng:2010,
	Author = {Yigang Peng and Ganesh, A. and Wright, J. and Wenli Xu and Yi Ma},
	Booktitle = {Computer Vision and Pattern Recognition (CVPR), 2010 IEEE Conference on},
	Date-Added = {2012-04-04 15:13:53 -0700},
	Date-Modified = {2012-04-04 15:24:54 -0700},
	Doi = {10.1109/CVPR.2010.5540138},
	Issn = {1063-6919},
	Keywords = {RASL;convex programs;gross corruption;image domain transformations;linearly correlated images;low-rank decomposition;low-rank matrix;occlusion;optimization problem;realistic misalignments;recovered aligned images;robust alignment algorithm;scalable convex optimization techniques;sparse decomposition;sparse matrix;transformed image matrix;computer graphics;convex programming;correlation methods;image registration;sparse matrices;},
	Month = {june},
	Pages = {763 -770},
	Title = {RASL: Robust alignment by sparse and low-rank decomposition for linearly correlated images},
	Year = {2010},
	Bdsk-Url-1 = {http://dx.doi.org/10.1109/CVPR.2010.5540138}}
