%% This BibTeX bibliography file was created using BibDesk.
%% http://bibdesk.sourceforge.net/


%% Created for Maximilian Balandat at 2012-04-07 16:20:41 -0700 


%% Saved with string encoding Unicode (UTF-8) 



@article{Negahban:2011vn,
	Author = {Negahban, Sahand and Wainwright, Martin J.},
	Date-Added = {2012-04-05 05:21:18 +0000},
	Date-Modified = {2012-04-05 05:22:41 +0000},
	Doi = {10.1214/10-AOS850},
	Journal = {Annals of Statistics},
	Number = {2},
	Pages = {1069-1097},
	Title = {Estimation of (near) low-rank matrices with noise and high-dimensional scaling},
	Volume = {39},
	Year = {2011},
	Bdsk-File-1 = {YnBsaXN0MDDUAQIDBAUIJidUJHRvcFgkb2JqZWN0c1gkdmVyc2lvblkkYXJjaGl2ZXLRBgdUcm9vdIABqAkKFRYXGyIjVSRudWxs0wsMDQ4RFFpOUy5vYmplY3RzV05TLmtleXNWJGNsYXNzog8QgASABqISE4ACgAOAB1lhbGlhc0RhdGFccmVsYXRpdmVQYXRo0hgNGRpXTlMuZGF0YU8RArIAAAAAArIAAgAADE1hY2ludG9zaCBIRAAAAAAAAAAAAAAAAAAAAMgGU6tIKwAAAlUILB8yMDExYSAtIE5lZ2FoYmFuIC0gIzYzQTY5NTIucGRmAAAAAAAAAAAAAAAAAAAAAAAAAAAAAAAAAAAAAAAAAAAGOmlSy3V3gwAAAAAAAAAAAAYABQAACSAAAAAAAAAAAAAAAAAAAAAEMjAxMQAQAAgAAMgGthsAAAARAAgAAMt16AMAAAABACACVQgsAcu/4AHLv24ADzYzAA82JQAIShAACEoDAACSPwACAHxNYWNpbnRvc2ggSEQ6VXNlcnM6AG1iYWxhbmRhdDoARG9jdW1lbnRzOgBQaERfQmVya2VsZXk6AFJlc2VhcmNoOgBSZWZlcmVuY2VzOgBQYXBlcnMgOgAyMDExOgAyMDExYSAtIE5lZ2FoYmFuIC0gIzYzQTY5NTIucGRmAA4AkgBIADIAMAAxADEAYQAgAC0AIABOAGUAZwBhAGgAYgBhAG4AIAAtACAARQBzAHQAaQBtAGEAdABpAG8AbgAgAG8AZgAgACgAbgBlAGEAcgApACAAbABvAHcALQByAGEAbgBrACAAbQBhAHQAcgBpAGMAZQBzACAAdwBpAHQAaAAgAG4AbwBpAHMAZQAuAHAAZABmAA8AGgAMAE0AYQBjAGkAbgB0AG8AcwBoACAASABEABIAkFVzZXJzL21iYWxhbmRhdC9Eb2N1bWVudHMvUGhEX0JlcmtlbGV5L1Jlc2VhcmNoL1JlZmVyZW5jZXMvUGFwZXJzIC8yMDExLzIwMTFhIC0gTmVnYWhiYW4gLSBFc3RpbWF0aW9uIG9mIChuZWFyKSBsb3ctcmFuayBtYXRyaWNlcyB3aXRoIG5vaXNlLnBkZgATAAEvAAAVAAIAEP//AACABdIcHR4fWCRjbGFzc2VzWiRjbGFzc25hbWWjHyAhXU5TTXV0YWJsZURhdGFWTlNEYXRhWE5TT2JqZWN0XxB7Li4vLi4vLi4vLi4vLi4vLi4vUmVzZWFyY2gvUmVmZXJlbmNlcy9QYXBlcnMgLzIwMTEvMjAxMWEgLSBOZWdhaGJhbiAtIEVzdGltYXRpb24gb2YgKG5lYXIpIGxvdy1yYW5rIG1hdHJpY2VzIHdpdGggbm9pc2UucGRm0hwdJCWiJSFcTlNEaWN0aW9uYXJ5EgABhqBfEA9OU0tleWVkQXJjaGl2ZXIACAARABYAHwAoADIANQA6ADwARQBLAFIAXQBlAGwAbwBxAHMAdgB4AHoAfACGAJMAmACgA1YDWANdA2YDcQN1A4MDigOTBBEEFgQZBCYEKwAAAAAAAAIBAAAAAAAAACgAAAAAAAAAAAAAAAAAAAQ9}}

@article{Osher:2011kx,
	Archiveprefix = {arXiv},
	Author = {{Osher}, S. and {Mao}, Y. and {Dong}, B. and {Yin}, W.},
	Date-Added = {2012-04-05 05:16:42 +0000},
	Date-Modified = {2012-04-05 05:17:04 +0000},
	Eprint = {1104.0262},
	Journal = {arXiv preprint},
	Keywords = {Mathematics - Optimization and Control, Computer Science - Information Theory, 65K10, 93B40},
	Month = apr,
	Primaryclass = {math.OC},
	Title = {{Fast Linearized Bregman Iteration for Compressive Sensing and Sparse Denoising}},
	Year = 2011,
	Bdsk-File-1 = {YnBsaXN0MDDUAQIDBAUIJidUJHRvcFgkb2JqZWN0c1gkdmVyc2lvblkkYXJjaGl2ZXLRBgdUcm9vdIABqAkKFRYXGyIjVSRudWxs0wsMDQ4RFFpOUy5vYmplY3RzV05TLmtleXNWJGNsYXNzog8QgASABqISE4ACgAOAB1lhbGlhc0RhdGFccmVsYXRpdmVQYXRo0hgNGRpXTlMuZGF0YU8RAsIAAAAAAsIAAgAADE1hY2ludG9zaCBIRAAAAAAAAAAAAAAAAAAAAMgGU6tIKwAAAlUILB8yMDExYSAtIE9zaGVyIC0gRmFzIzYzQTYxRDIucGRmAAAAAAAAAAAAAAAAAAAAAAAAAAAAAAAAAAAAAAAAAAAGOmHSy3V2wAAAAAAAAAAAAAYABQAACSAAAAAAAAAAAAAAAAAAAAAEMjAxMQAQAAgAAMgGthsAAAARAAgAAMt150AAAAABACACVQgsAcu/4AHLv24ADzYzAA82JQAIShAACEoDAACSPwACAHxNYWNpbnRvc2ggSEQ6VXNlcnM6AG1iYWxhbmRhdDoARG9jdW1lbnRzOgBQaERfQmVya2VsZXk6AFJlc2VhcmNoOgBSZWZlcmVuY2VzOgBQYXBlcnMgOgAyMDExOgAyMDExYSAtIE9zaGVyIC0gRmFzIzYzQTYxRDIucGRmAA4AnABNADIAMAAxADEAYQAgAC0AIABPAHMAaABlAHIAIAAtACAARgBhAHMAdAAgAEwAaQBuAGUAYQByAGkAegBlAGQAIABCAHIAZQBnAG0AYQBuACAASQB0AGUAcgBhAHQAaQBvAG4AIABmAG8AcgAgAEMAbwBtAHAAcgBlAHMAcwBpAHYAZQAgAFMAZQBuAHMAaQBuAGcALgBwAGQAZgAPABoADABNAGEAYwBpAG4AdABvAHMAaAAgAEgARAASAJVVc2Vycy9tYmFsYW5kYXQvRG9jdW1lbnRzL1BoRF9CZXJrZWxleS9SZXNlYXJjaC9SZWZlcmVuY2VzL1BhcGVycyAvMjAxMS8yMDExYSAtIE9zaGVyIC0gRmFzdCBMaW5lYXJpemVkIEJyZWdtYW4gSXRlcmF0aW9uIGZvciBDb21wcmVzc2l2ZSBTZW5zaW5nLnBkZgAAEwABLwAAFQACABD//wAAgAXSHB0eH1gkY2xhc3Nlc1okY2xhc3NuYW1lox8gIV1OU011dGFibGVEYXRhVk5TRGF0YVhOU09iamVjdF8QgC4uLy4uLy4uLy4uLy4uLy4uL1Jlc2VhcmNoL1JlZmVyZW5jZXMvUGFwZXJzIC8yMDExLzIwMTFhIC0gT3NoZXIgLSBGYXN0IExpbmVhcml6ZWQgQnJlZ21hbiBJdGVyYXRpb24gZm9yIENvbXByZXNzaXZlIFNlbnNpbmcucGRm0hwdJCWiJSFcTlNEaWN0aW9uYXJ5EgABhqBfEA9OU0tleWVkQXJjaGl2ZXIACAARABYAHwAoADIANQA6ADwARQBLAFIAXQBlAGwAbwBxAHMAdgB4AHoAfACGAJMAmACgA2YDaANtA3YDgQOFA5MDmgOjBCYEKwQuBDsEQAAAAAAAAAIBAAAAAAAAACgAAAAAAAAAAAAAAAAAAARS}}

@article{Agarwal:2011uq,
	Archiveprefix = {arXiv},
	Author = {{Agarwal}, A. and {Negahban}, S.~N. and {Wainwright}, M.~J.},
	Date-Added = {2012-04-05 05:14:46 +0000},
	Date-Modified = {2012-04-05 05:15:23 +0000},
	Eprint = {1102.4807},
	Journal = {arXiv preprint},
	Keywords = {Statistics - Machine Learning, Computer Science - Information Theory, Computer Science - Learning},
	Month = feb,
	Primaryclass = {stat.ML},
	Title = {{Noisy matrix decomposition via convex relaxation: Optimal rates in high dimensions}},
	Year = 2011,
	Bdsk-File-1 = {YnBsaXN0MDDUAQIDBAUIJidUJHRvcFgkb2JqZWN0c1gkdmVyc2lvblkkYXJjaGl2ZXLRBgdUcm9vdIABqAkKFRYXGyIjVSRudWxs0wsMDQ4RFFpOUy5vYmplY3RzV05TLmtleXNWJGNsYXNzog8QgASABqISE4ACgAOAB1lhbGlhc0RhdGFccmVsYXRpdmVQYXRo0hgNGRpXTlMuZGF0YU8RAsQAAAAAAsQAAgAADE1hY2ludG9zaCBIRAAAAAAAAAAAAAAAAAAAAMgGU6tIKwAAAlUILB8yMDExYSAtIEFnYXJ3YWwgLSBOIzZEM0IwODcucGRmAAAAAAAAAAAAAAAAAAAAAAAAAAAAAAAAAAAAAAAAAAAG07CHy6J4MAAAAAAAAAAAAAYABQAACSAAAAAAAAAAAAAAAAAAAAAEMjAxMQAQAAgAAMgGthsAAAARAAgAAMui2qAAAAABACACVQgsAcu/4AHLv24ADzYzAA82JQAIShAACEoDAACSPwACAHxNYWNpbnRvc2ggSEQ6VXNlcnM6AG1iYWxhbmRhdDoARG9jdW1lbnRzOgBQaERfQmVya2VsZXk6AFJlc2VhcmNoOgBSZWZlcmVuY2VzOgBQYXBlcnMgOgAyMDExOgAyMDExYSAtIEFnYXJ3YWwgLSBOIzZEM0IwODcucGRmAA4AngBOADIAMAAxADEAYQAgAC0AIABBAGcAYQByAHcAYQBsACAALQAgAE4AbwBpAHMAeQAgAG0AYQB0AHIAaQB4ACAAZABlAGMAbwBtAHAAbwBzAGkAdABpAG8AbgAgAHYAaQBhACAAYwBvAG4AdgBlAHgAIAByAGUAbABhAHgAYQB0AGkAbwBuACAATwBwAHQAaQBtAGEAbAAuAHAAZABmAA8AGgAMAE0AYQBjAGkAbgB0AG8AcwBoACAASABEABIAllVzZXJzL21iYWxhbmRhdC9Eb2N1bWVudHMvUGhEX0JlcmtlbGV5L1Jlc2VhcmNoL1JlZmVyZW5jZXMvUGFwZXJzIC8yMDExLzIwMTFhIC0gQWdhcndhbCAtIE5vaXN5IG1hdHJpeCBkZWNvbXBvc2l0aW9uIHZpYSBjb252ZXggcmVsYXhhdGlvbiBPcHRpbWFsLnBkZgATAAEvAAAVAAIAEP//AACABdIcHR4fWCRjbGFzc2VzWiRjbGFzc25hbWWjHyAhXU5TTXV0YWJsZURhdGFWTlNEYXRhWE5TT2JqZWN0XxCBLi4vLi4vLi4vLi4vLi4vLi4vUmVzZWFyY2gvUmVmZXJlbmNlcy9QYXBlcnMgLzIwMTEvMjAxMWEgLSBBZ2Fyd2FsIC0gTm9pc3kgbWF0cml4IGRlY29tcG9zaXRpb24gdmlhIGNvbnZleCByZWxheGF0aW9uIE9wdGltYWwucGRm0hwdJCWiJSFcTlNEaWN0aW9uYXJ5EgABhqBfEA9OU0tleWVkQXJjaGl2ZXIACAARABYAHwAoADIANQA6ADwARQBLAFIAXQBlAGwAbwBxAHMAdgB4AHoAfACGAJMAmACgA2gDagNvA3gDgwOHA5UDnAOlBCkELgQxBD4EQwAAAAAAAAIBAAAAAAAAACgAAAAAAAAAAAAAAAAAAARV}}

@article{Lai:2012fk,
	Author = {Lai, Ming-Jun and Yin, Wotao},
	Date-Added = {2012-04-04 03:10:35 +0000},
	Date-Modified = {2012-04-04 03:10:55 +0000},
	Ee = {http://arxiv.org/abs/1201.4615},
	Journal = {arXiv preprint},
	Number = {1201.4615},
	Title = {Augmented L1 and Nuclear-Norm Models with a Globally Linearly Convergent Algorithm},
	Year = {2012},
	Bdsk-File-1 = {YnBsaXN0MDDUAQIDBAUIJidUJHRvcFgkb2JqZWN0c1gkdmVyc2lvblkkYXJjaGl2ZXLRBgdUcm9vdIABqAkKFRYXGyIjVSRudWxs0wsMDQ4RFFpOUy5vYmplY3RzV05TLmtleXNWJGNsYXNzog8QgASABqISE4ACgAOAB1lhbGlhc0RhdGFccmVsYXRpdmVQYXRo0hgNGRpXTlMuZGF0YU8RAsgAAAAAAsgAAgAADE1hY2ludG9zaCBIRAAAAAAAAAAAAAAAAAAAAMgGU6tIKwAABfUI5B8yMDEyYSAtIExhaSAtIEF1Z21lIzYzQTY2NkYucGRmAAAAAAAAAAAAAAAAAAAAAAAAAAAAAAAAAAAAAAAAAAAGOmZvy3V3DgAAAAAAAAAAAAYABQAACSAAAAAAAAAAAAAAAAAAAAAEMjAxMgAQAAgAAMgGthsAAAARAAgAAMt1544AAAABACAF9QjkAcu/4AHLv24ADzYzAA82JQAIShAACEoDAACSPwACAHxNYWNpbnRvc2ggSEQ6VXNlcnM6AG1iYWxhbmRhdDoARG9jdW1lbnRzOgBQaERfQmVya2VsZXk6AFJlc2VhcmNoOgBSZWZlcmVuY2VzOgBQYXBlcnMgOgAyMDEyOgAyMDEyYSAtIExhaSAtIEF1Z21lIzYzQTY2NkYucGRmAA4AoABPADIAMAAxADIAYQAgAC0AIABMAGEAaQAgAC0AIABBAHUAZwBtAGUAbgB0AGUAZAAgAEwAMQAgAGEAbgBkACAATgB1AGMAbABlAGEAcgAtAE4AbwByAG0AIABNAG8AZABlAGwAcwAgAHcAaQB0AGgAIABhACAARwBsAG8AYgBhAGwAbAB5ACAATABpAG4AZQBhAHIAbAB5AC4AcABkAGYADwAaAAwATQBhAGMAaQBuAHQAbwBzAGgAIABIAEQAEgCXVXNlcnMvbWJhbGFuZGF0L0RvY3VtZW50cy9QaERfQmVya2VsZXkvUmVzZWFyY2gvUmVmZXJlbmNlcy9QYXBlcnMgLzIwMTIvMjAxMmEgLSBMYWkgLSBBdWdtZW50ZWQgTDEgYW5kIE51Y2xlYXItTm9ybSBNb2RlbHMgd2l0aCBhIEdsb2JhbGx5IExpbmVhcmx5LnBkZgAAEwABLwAAFQACABD//wAAgAXSHB0eH1gkY2xhc3Nlc1okY2xhc3NuYW1lox8gIV1OU011dGFibGVEYXRhVk5TRGF0YVhOU09iamVjdF8Qgi4uLy4uLy4uLy4uLy4uLy4uL1Jlc2VhcmNoL1JlZmVyZW5jZXMvUGFwZXJzIC8yMDEyLzIwMTJhIC0gTGFpIC0gQXVnbWVudGVkIEwxIGFuZCBOdWNsZWFyLU5vcm0gTW9kZWxzIHdpdGggYSBHbG9iYWxseSBMaW5lYXJseS5wZGbSHB0kJaIlIVxOU0RpY3Rpb25hcnkSAAGGoF8QD05TS2V5ZWRBcmNoaXZlcgAIABEAFgAfACgAMgA1ADoAPABFAEsAUgBdAGUAbABvAHEAcwB2AHgAegB8AIYAkwCYAKADbANuA3MDfAOHA4sDmQOgA6kELgQzBDYEQwRIAAAAAAAAAgEAAAAAAAAAKAAAAAAAAAAAAAAAAAAABFo=}}

@article{Aybat:2011vn,
	Author = {Aybat, N. S. and Goldfarb, D. and Iyengar, G.},
	Date-Added = {2012-04-02 17:32:42 +0000},
	Date-Modified = {2012-04-02 17:35:26 +0000},
	Journal = {arXiv preprint},
	Month = may,
	Title = {{Fast First-Order Methods for Stable Principal Component Pursuit}},
	Url = {http://arxiv.org/abs/1105.2126},
	Volume = {1105.2126S},
	Year = 2011,
	Bdsk-File-1 = {YnBsaXN0MDDUAQIDBAUIJidUJHRvcFgkb2JqZWN0c1gkdmVyc2lvblkkYXJjaGl2ZXLRBgdUcm9vdIABqAkKFRYXGyIjVSRudWxs0wsMDQ4RFFpOUy5vYmplY3RzV05TLmtleXNWJGNsYXNzog8QgASABqISE4ACgAOAB1lhbGlhc0RhdGFccmVsYXRpdmVQYXRo0hgNGRpXTlMuZGF0YU8RArwAAAAAArwAAgAADE1hY2ludG9zaCBIRAAAAAAAAAAAAAAAAAAAAMgGU6tIKwAAAlUILB8yMDExYSAtIEF5YmF0IC0gRmFzIzZDNEU1QTEucGRmAAAAAAAAAAAAAAAAAAAAAAAAAAAAAAAAAAAAAAAAAAAGxOWhy58wpQAAAAAAAAAAAAYABQAACSAAAAAAAAAAAAAAAAAAAAAEMjAxMQAQAAgAAMgGthsAAAARAAgAAMufkxUAAAABACACVQgsAcu/4AHLv24ADzYzAA82JQAIShAACEoDAACSPwACAHxNYWNpbnRvc2ggSEQ6VXNlcnM6AG1iYWxhbmRhdDoARG9jdW1lbnRzOgBQaERfQmVya2VsZXk6AFJlc2VhcmNoOgBSZWZlcmVuY2VzOgBQYXBlcnMgOgAyMDExOgAyMDExYSAtIEF5YmF0IC0gRmFzIzZDNEU1QTEucGRmAA4AmABLADIAMAAxADEAYQAgAC0AIABBAHkAYgBhAHQAIAAtACAARgBhAHMAdAAgAEYAaQByAHMAdAAtAE8AcgBkAGUAcgAgAE0AZQB0AGgAbwBkAHMAIABmAG8AcgAgAFMAdABhAGIAbABlACAAUAByAGkAbgBjAGkAcABhAGwAIABDAG8AbQBwAG8AbgBlAG4AdAAuAHAAZABmAA8AGgAMAE0AYQBjAGkAbgB0AG8AcwBoACAASABEABIAk1VzZXJzL21iYWxhbmRhdC9Eb2N1bWVudHMvUGhEX0JlcmtlbGV5L1Jlc2VhcmNoL1JlZmVyZW5jZXMvUGFwZXJzIC8yMDExLzIwMTFhIC0gQXliYXQgLSBGYXN0IEZpcnN0LU9yZGVyIE1ldGhvZHMgZm9yIFN0YWJsZSBQcmluY2lwYWwgQ29tcG9uZW50LnBkZgAAEwABLwAAFQACABD//wAAgAXSHB0eH1gkY2xhc3Nlc1okY2xhc3NuYW1lox8gIV1OU011dGFibGVEYXRhVk5TRGF0YVhOU09iamVjdF8Qfi4uLy4uLy4uLy4uLy4uLy4uL1Jlc2VhcmNoL1JlZmVyZW5jZXMvUGFwZXJzIC8yMDExLzIwMTFhIC0gQXliYXQgLSBGYXN0IEZpcnN0LU9yZGVyIE1ldGhvZHMgZm9yIFN0YWJsZSBQcmluY2lwYWwgQ29tcG9uZW50LnBkZtIcHSQloiUhXE5TRGljdGlvbmFyeRIAAYagXxAPTlNLZXllZEFyY2hpdmVyAAgAEQAWAB8AKAAyADUAOgA8AEUASwBSAF0AZQBsAG8AcQBzAHYAeAB6AHwAhgCTAJgAoANgA2IDZwNwA3sDfwONA5QDnQQeBCMEJgQzBDgAAAAAAAACAQAAAAAAAAAoAAAAAAAAAAAAAAAAAAAESg==}}

@techreport{Larsen:1998uq,
	Author = {Larsen, R. M.},
	Date-Added = {2012-04-01 20:44:03 +0000},
	Date-Modified = {2012-04-01 20:44:47 +0000},
	Institution = {Dept. of Computer Science, Aarhus University},
	Month = {Sep},
	Number = {DAIMI PB-357},
	Title = {Lanczos bidiagonalization with partial reorthogonalization},
	Year = {1998},
	Bdsk-File-1 = {YnBsaXN0MDDUAQIDBAUIJidUJHRvcFgkb2JqZWN0c1gkdmVyc2lvblkkYXJjaGl2ZXLRBgdUcm9vdIABqAkKFRYXGyIjVSRudWxs0wsMDQ4RFFpOUy5vYmplY3RzV05TLmtleXNWJGNsYXNzog8QgASABqISE4ACgAOAB1lhbGlhc0RhdGFccmVsYXRpdmVQYXRo0hgNGRpXTlMuZGF0YU8RAsgAAAAAAsgAAgAADE1hY2ludG9zaCBIRAAAAAAAAAAAAAAAAAAAAMgGU6tIKwAAAeEv1h8xOTk4YSAtIExhcnNlbiAtIExhIzZDMDZGRjMucGRmAAAAAAAAAAAAAAAAAAAAAAAAAAAAAAAAAAAAAAAAAAAGwG/zy54MBQAAAAAAAAAAAAYABQAACSAAAAAAAAAAAAAAAAAAAAAEMTk5OAAQAAgAAMgGthsAAAARAAgAAMuebnUAAAABACAB4S/WAcu/4AHLv24ADzYzAA82JQAIShAACEoDAACSPwACAHxNYWNpbnRvc2ggSEQ6VXNlcnM6AG1iYWxhbmRhdDoARG9jdW1lbnRzOgBQaERfQmVya2VsZXk6AFJlc2VhcmNoOgBSZWZlcmVuY2VzOgBQYXBlcnMgOgAxOTk4OgAxOTk4YSAtIExhcnNlbiAtIExhIzZDMDZGRjMucGRmAA4AoABPADEAOQA5ADgAYQAgAC0AIABMAGEAcgBzAGUAbgAgAC0AIABMAGEAbgBjAHoAbwBzACAAYgBpAGQAaQBhAGcAbwBuAGEAbABpAHoAYQB0AGkAbwBuACAAdwBpAHQAaAAgAHAAYQByAHQAaQBhAGwAIAByAGUAbwByAHQAaABvAGcAbwBuAGEAbABpAHoAYQB0AGkAbwBuAC4AcABkAGYADwAaAAwATQBhAGMAaQBuAHQAbwBzAGgAIABIAEQAEgCXVXNlcnMvbWJhbGFuZGF0L0RvY3VtZW50cy9QaERfQmVya2VsZXkvUmVzZWFyY2gvUmVmZXJlbmNlcy9QYXBlcnMgLzE5OTgvMTk5OGEgLSBMYXJzZW4gLSBMYW5jem9zIGJpZGlhZ29uYWxpemF0aW9uIHdpdGggcGFydGlhbCByZW9ydGhvZ29uYWxpemF0aW9uLnBkZgAAEwABLwAAFQACABD//wAAgAXSHB0eH1gkY2xhc3Nlc1okY2xhc3NuYW1lox8gIV1OU011dGFibGVEYXRhVk5TRGF0YVhOU09iamVjdF8Qgi4uLy4uLy4uLy4uLy4uLy4uL1Jlc2VhcmNoL1JlZmVyZW5jZXMvUGFwZXJzIC8xOTk4LzE5OThhIC0gTGFyc2VuIC0gTGFuY3pvcyBiaWRpYWdvbmFsaXphdGlvbiB3aXRoIHBhcnRpYWwgcmVvcnRob2dvbmFsaXphdGlvbi5wZGbSHB0kJaIlIVxOU0RpY3Rpb25hcnkSAAGGoF8QD05TS2V5ZWRBcmNoaXZlcgAIABEAFgAfACgAMgA1ADoAPABFAEsAUgBdAGUAbABvAHEAcwB2AHgAegB8AIYAkwCYAKADbANuA3MDfAOHA4sDmQOgA6kELgQzBDYEQwRIAAAAAAAAAgEAAAAAAAAAKAAAAAAAAAAAAAAAAAAABFo=}}

@article{Bai:1988fk,
	Abstract = {Let $W = (X_{ij}; 1 \leq i, j < \infty)$ be an infinite matrix. Suppose W is symmetric, entries on the diagonal are $\operatorname{iid}$ , entries off the diagonal are $\operatorname{iid}$ and they are independent. Then it is proved that the necessary and sufficient conditions for $\lambda_{\max}((1/\sqrt{n})W_n) \rightarrow a \mathrm{a.s.}$ are (1) $E(X^+_{11})^2 < \infty$ ; (2) $EX^4_{12} < \infty$ ; (3) EX12 ≤ 0; (4) a = 2σ, σ2 = EX2 12. Here Wn = (Xij; 1 ≤ i, j ≤ n).},
	Author = {Bai, Z. D. and Yin, Y. Q.},
	Copyright = {Copyright {\copyright} 1988 Institute of Mathematical Statistics},
	Date-Added = {2012-04-01 02:54:12 +0000},
	Date-Modified = {2012-04-01 02:54:26 +0000},
	Issn = {00911798},
	Journal = {The Annals of Probability},
	Jstor_Articletype = {research-article},
	Jstor_Formatteddate = {Oct., 1988},
	Language = {English},
	Number = {4},
	Pages = {pp. 1729-1741},
	Publisher = {Institute of Mathematical Statistics},
	Title = {Necessary and Sufficient Conditions for Almost Sure Convergence of the Largest Eigenvalue of a Wigner Matrix},
	Url = {http://www.jstor.org/stable/2243989},
	Volume = {16},
	Year = {1988},
	Bdsk-File-1 = {YnBsaXN0MDDUAQIDBAUIJidUJHRvcFgkb2JqZWN0c1gkdmVyc2lvblkkYXJjaGl2ZXLRBgdUcm9vdIABqAkKFRYXGyIjVSRudWxs0wsMDQ4RFFpOUy5vYmplY3RzV05TLmtleXNWJGNsYXNzog8QgASABqISE4ACgAOAB1lhbGlhc0RhdGFccmVsYXRpdmVQYXRo0hgNGRpXTlMuZGF0YU8RAs4AAAAAAs4AAgAADE1hY2ludG9zaCBIRAAAAAAAAAAAAAAAAAAAAMgGU6tIKwAAAeEvzR8xOTg4YSAtIEJhaSAtIE5lY2VzIzZCOUFDNEUucGRmAAAAAAAAAAAAAAAAAAAAAAAAAAAAAAAAAAAAAAAAAAAGuaxOy50RhwAAAAAAAAAAAAYABQAACSAAAAAAAAAAAAAAAAAAAAAEMTk4OAAQAAgAAMgGthsAAAARAAgAAMudc/cAAAABACAB4S/NAcu/4AHLv24ADzYzAA82JQAIShAACEoDAACSPwACAHxNYWNpbnRvc2ggSEQ6VXNlcnM6AG1iYWxhbmRhdDoARG9jdW1lbnRzOgBQaERfQmVya2VsZXk6AFJlc2VhcmNoOgBSZWZlcmVuY2VzOgBQYXBlcnMgOgAxOTg4OgAxOTg4YSAtIEJhaSAtIE5lY2VzIzZCOUFDNEUucGRmAA4ApABRADEAOQA4ADgAYQAgAC0AIABCAGEAaQAgAC0AIABOAGUAYwBlAHMAcwBhAHIAeQAgAGEAbgBkACAAUwB1AGYAZgBpAGMAaQBlAG4AdAAgAEMAbwBuAGQAaQB0AGkAbwBuAHMAIABmAG8AcgAgAEEAbABtAG8AcwB0ACAAUwB1AHIAZQAgAEMAbwBuAHYAZQByAGcAZQBuAGMAZQAuAHAAZABmAA8AGgAMAE0AYQBjAGkAbgB0AG8AcwBoACAASABEABIAmVVzZXJzL21iYWxhbmRhdC9Eb2N1bWVudHMvUGhEX0JlcmtlbGV5L1Jlc2VhcmNoL1JlZmVyZW5jZXMvUGFwZXJzIC8xOTg4LzE5ODhhIC0gQmFpIC0gTmVjZXNzYXJ5IGFuZCBTdWZmaWNpZW50IENvbmRpdGlvbnMgZm9yIEFsbW9zdCBTdXJlIENvbnZlcmdlbmNlLnBkZgAAEwABLwAAFQACABD//wAAgAXSHB0eH1gkY2xhc3Nlc1okY2xhc3NuYW1lox8gIV1OU011dGFibGVEYXRhVk5TRGF0YVhOU09iamVjdF8QhC4uLy4uLy4uLy4uLy4uLy4uL1Jlc2VhcmNoL1JlZmVyZW5jZXMvUGFwZXJzIC8xOTg4LzE5ODhhIC0gQmFpIC0gTmVjZXNzYXJ5IGFuZCBTdWZmaWNpZW50IENvbmRpdGlvbnMgZm9yIEFsbW9zdCBTdXJlIENvbnZlcmdlbmNlLnBkZtIcHSQloiUhXE5TRGljdGlvbmFyeRIAAYagXxAPTlNLZXllZEFyY2hpdmVyAAgAEQAWAB8AKAAyADUAOgA8AEUASwBSAF0AZQBsAG8AcQBzAHYAeAB6AHwAhgCTAJgAoANyA3QDeQOCA40DkQOfA6YDrwQ2BDsEPgRLBFAAAAAAAAACAQAAAAAAAAAoAAAAAAAAAAAAAAAAAAAEYg==},
	Bdsk-Url-1 = {http://www.jstor.org/stable/2243989}}

@incollection{Boyd:2011hc,
	Author = {Boyd, S. and Parikh, N. and Chu, E. and Peleato, B. and Eckstein, J.},
	Booktitle = {Foundations and Trends in Machine Learning},
	Date-Added = {2012-03-30 04:39:01 +0000},
	Date-Modified = {2012-03-30 04:44:03 +0000},
	Doi = {10.1561/2200000016},
	Number = {1},
	Pages = {1-122},
	Title = {Distributed Optimization and Statistical Learning via the Alternating Direction Method of Multipliers},
	Volume = {3},
	Year = {2011},
	Bdsk-File-1 = {YnBsaXN0MDDUAQIDBAUIJidUJHRvcFgkb2JqZWN0c1gkdmVyc2lvblkkYXJjaGl2ZXLRBgdUcm9vdIABqAkKFRYXGyIjVSRudWxs0wsMDQ4RFFpOUy5vYmplY3RzV05TLmtleXNWJGNsYXNzog8QgASABqISE4ACgAOAB1lhbGlhc0RhdGFccmVsYXRpdmVQYXRo0hgNGRpXTlMuZGF0YU8RAwAAAAAAAwAAAgAADE1hY2ludG9zaCBIRAAAAAAAAAAAAAAAAAAAAMgGU6tIKwAAAlUILB8yMDExYSAtIEJveWQgLSBEaXN0IzZCMDZCNjgucGRmAAAAAAAAAAAAAAAAAAAAAAAAAAAAAAAAAAAAAAAAAAAGsGtoy5qG/wAAAAAAAAAAAAYABQAACSAAAAAAAAAAAAAAAAAAAAAEMjAxMQAQAAgAAMgGthsAAAARAAgAAMua6W8AAAABACACVQgsAcu/4AHLv24ADzYzAA82JQAIShAACEoDAACSPwACAHxNYWNpbnRvc2ggSEQ6VXNlcnM6AG1iYWxhbmRhdDoARG9jdW1lbnRzOgBQaERfQmVya2VsZXk6AFJlc2VhcmNoOgBSZWZlcmVuY2VzOgBQYXBlcnMgOgAyMDExOgAyMDExYSAtIEJveWQgLSBEaXN0IzZCMDZCNjgucGRmAA4AxgBiADIAMAAxADEAYQAgAC0AIABCAG8AeQBkACAALQAgAEQAaQBzAHQAcgBpAGIAdQB0AGUAZAAgAE8AcAB0AGkAbQBpAHoAYQB0AGkAbwBuACAAYQBuAGQAIABTAHQAYQB0AGkAcwB0AGkAYwBhAGwAIABMAGUAYQByAG4AaQBuAGcAIAB2AGkAYQAgAHQAaABlACAAQQBsAHQAZQByAG4AYQB0AGkAbgBnACAARABpAHIAZQBjAHQAaQBvAG4ALgBwAGQAZgAPABoADABNAGEAYwBpAG4AdABvAHMAaAAgAEgARAASAKpVc2Vycy9tYmFsYW5kYXQvRG9jdW1lbnRzL1BoRF9CZXJrZWxleS9SZXNlYXJjaC9SZWZlcmVuY2VzL1BhcGVycyAvMjAxMS8yMDExYSAtIEJveWQgLSBEaXN0cmlidXRlZCBPcHRpbWl6YXRpb24gYW5kIFN0YXRpc3RpY2FsIExlYXJuaW5nIHZpYSB0aGUgQWx0ZXJuYXRpbmcgRGlyZWN0aW9uLnBkZgATAAEvAAAVAAIAEP//AACABdIcHR4fWCRjbGFzc2VzWiRjbGFzc25hbWWjHyAhXU5TTXV0YWJsZURhdGFWTlNEYXRhWE5TT2JqZWN0XxCVLi4vLi4vLi4vLi4vLi4vLi4vUmVzZWFyY2gvUmVmZXJlbmNlcy9QYXBlcnMgLzIwMTEvMjAxMWEgLSBCb3lkIC0gRGlzdHJpYnV0ZWQgT3B0aW1pemF0aW9uIGFuZCBTdGF0aXN0aWNhbCBMZWFybmluZyB2aWEgdGhlIEFsdGVybmF0aW5nIERpcmVjdGlvbi5wZGbSHB0kJaIlIVxOU0RpY3Rpb25hcnkSAAGGoF8QD05TS2V5ZWRBcmNoaXZlcgAIABEAFgAfACgAMgA1ADoAPABFAEsAUgBdAGUAbABvAHEAcwB2AHgAegB8AIYAkwCYAKADpAOmA6sDtAO/A8MD0QPYA+EEeQR+BIEEjgSTAAAAAAAAAgEAAAAAAAAAKAAAAAAAAAAAAAAAAAAABKU=}}

@conference{Humphrey:2010kl,
	Author = {Humphrey, John R. and Price, Daniel K. and Spagnoli, Kyle E. and Paolini, Aaron L. and Kelmelis, Eric J.},
	Date-Added = {2012-03-30 04:06:30 +0000},
	Date-Modified = {2012-03-30 04:06:45 +0000},
	Doi = {10.1117/12.850538},
	Editor = {Kelmelis, Eric J.},
	Eid = {770502},
	Journal = {Modeling and Simulation for Defense Systems and Applications V},
	Location = {Orlando, Florida, USA},
	Number = {1},
	Numpages = {7},
	Pages = {770502},
	Publisher = {SPIE},
	Title = {CULA: hybrid GPU accelerated linear algebra routines},
	Url = {http://link.aip.org/link/?PSI/7705/770502/1},
	Volume = {7705},
	Year = {2010},
	Bdsk-Url-1 = {http://link.aip.org/link/?PSI/7705/770502/1},
	Bdsk-Url-2 = {http://dx.doi.org/10.1117/12.850538}}

@misc{Smith:2010tg,
	Author = {Smith, Brian J.},
	Date-Added = {2012-03-30 03:57:08 +0000},
	Date-Modified = {2012-03-30 04:17:48 +0000},
	Month = {August},
	Note = {http://icl.cs.utk.edu/magma/index.html},
	Title = {R package magma: Matrix Algebra on GPU and Multicore Architectures, Version 0.2.2},
	Url = {http://icl.cs.utk.edu/magma/index.html},
	Year = {2010},
	Bdsk-Url-1 = {http://icl.cs.utk.edu/magma/index.html}}

@inbook{Berry:2005uq,
	Author = {Berry, M.W. and Mezher, D. and Philippe, B. and Sameh, A.},
	Chapter = {Parallel Algorithms for the Singular Value Decomposition},
	Date-Added = {2012-03-30 03:48:22 +0000},
	Date-Modified = {2012-03-30 03:52:21 +0000},
	Editor = {Kontoghiorghes, Erricos John},
	Lccn = {2005049686},
	Publisher = {Chapman \& Hall/CRC},
	Series = {Statistics, textbooks and monographs},
	Title = {Handbook of parallel computing and statistics},
	Year = {2005},
	Bdsk-File-1 = {YnBsaXN0MDDUAQIDBAUIJidUJHRvcFgkb2JqZWN0c1gkdmVyc2lvblkkYXJjaGl2ZXLRBgdUcm9vdIABqAkKFRYXGyIjVSRudWxs0wsMDQ4RFFpOUy5vYmplY3RzV05TLmtleXNWJGNsYXNzog8QgASABqISE4ACgAOAB1lhbGlhc0RhdGFccmVsYXRpdmVQYXRo0hgNGRpXTlMuZGF0YU8RAtQAAAAAAtQAAgAADE1hY2ludG9zaCBIRAAAAAAAAAAAAAAAAAAAAMgGU6tIKwAAAeEv3R8yMDA1YSAtIEJlcnJ5IC0gSGFuIzZEMEZGNEYucGRmAAAAAAAAAAAAAAAAAAAAAAAAAAAAAAAAAAAAAAAAAAAG0P9Py5p6RlBERiAAAAAAAAYABQAACSAAAAAAAAAAAAAAAAAAAAAEMjAwNQAQAAgAAMgGthsAAAARAAgAAMua3LYAAAABACAB4S/dAcu/4AHLv24ADzYzAA82JQAIShAACEoDAACSPwACAHxNYWNpbnRvc2ggSEQ6VXNlcnM6AG1iYWxhbmRhdDoARG9jdW1lbnRzOgBQaERfQmVya2VsZXk6AFJlc2VhcmNoOgBSZWZlcmVuY2VzOgBQYXBlcnMgOgAyMDA1OgAyMDA1YSAtIEJlcnJ5IC0gSGFuIzZEMEZGNEYucGRmAA4AqABTADIAMAAwADUAYQAgAC0AIABCAGUAcgByAHkAIAAtACAASABhAG4AZABiAG8AbwBrACAAbwBmACAAcABhAHIAYQBsAGwAZQBsACAAYwBvAG0AcAB1AHQAaQBuAGcAIABhAG4AZAAgAHMAdABhAHQAaQBzAHQAaQBjAHMAIAAoAGMAaABhAHAAdABlAHIAIABQAGEAcgBhAGwAbABlAGwALgBwAGQAZgAPABoADABNAGEAYwBpAG4AdABvAHMAaAAgAEgARAASAJtVc2Vycy9tYmFsYW5kYXQvRG9jdW1lbnRzL1BoRF9CZXJrZWxleS9SZXNlYXJjaC9SZWZlcmVuY2VzL1BhcGVycyAvMjAwNS8yMDA1YSAtIEJlcnJ5IC0gSGFuZGJvb2sgb2YgcGFyYWxsZWwgY29tcHV0aW5nIGFuZCBzdGF0aXN0aWNzIChjaGFwdGVyIFBhcmFsbGVsLnBkZgAAEwABLwAAFQACABD//wAAgAXSHB0eH1gkY2xhc3Nlc1okY2xhc3NuYW1lox8gIV1OU011dGFibGVEYXRhVk5TRGF0YVhOU09iamVjdF8Qhi4uLy4uLy4uLy4uLy4uLy4uL1Jlc2VhcmNoL1JlZmVyZW5jZXMvUGFwZXJzIC8yMDA1LzIwMDVhIC0gQmVycnkgLSBIYW5kYm9vayBvZiBwYXJhbGxlbCBjb21wdXRpbmcgYW5kIHN0YXRpc3RpY3MgKGNoYXB0ZXIgUGFyYWxsZWwucGRm0hwdJCWiJSFcTlNEaWN0aW9uYXJ5EgABhqBfEA9OU0tleWVkQXJjaGl2ZXIACAARABYAHwAoADIANQA6ADwARQBLAFIAXQBlAGwAbwBxAHMAdgB4AHoAfACGAJMAmACgA3gDegN/A4gDkwOXA6UDrAO1BD4EQwRGBFMEWAAAAAAAAAIBAAAAAAAAACgAAAAAAAAAAAAAAAAAAARq}}

@book{Boyd:2004aa,
	Author = {Boyd, Stephen and Vandenberghe, Lieven},
	Date-Added = {2012-03-29 23:23:01 +0000},
	Date-Modified = {2012-03-29 23:23:01 +0000},
	Publisher = {Cambridge University Press},
	Title = {{Convex Optimization}},
	Year = {2004},
	Bdsk-File-1 = {YnBsaXN0MDDUAQIDBAUIJidUJHRvcFgkb2JqZWN0c1gkdmVyc2lvblkkYXJjaGl2ZXLRBgdUcm9vdIABqAkKFRYXGyIjVSRudWxs0wsMDQ4RFFpOUy5vYmplY3RzV05TLmtleXNWJGNsYXNzog8QgASABqISE4ACgAOAB1lhbGlhc0RhdGFccmVsYXRpdmVQYXRo0hgNGRpXTlMuZGF0YU8RAkwAAAAAAkwAAgAADE1hY2ludG9zaCBIRAAAAAAAAAAAAAAAAAAAAMgGU6tIKwAAAeEv3B8yMDA0YSAtIEJveWQgLSBDb252ZXgjRjRCNUUucGRmAAAAAAAAAAAAAAAAAAAAAAAAAAAAAAAAAAAAAAAAAAAAD0texm/giwAAAAAAAAAAAAYABQAACSAAAAAAAAAAAAAAAAAAAAAEMjAwNAAQAAgAAMgGthsAAAARAAgAAMZwQvsAAAABACAB4S/cAcu/4AHLv24ADzYzAA82JQAIShAACEoDAACSPwACAHxNYWNpbnRvc2ggSEQ6VXNlcnM6AG1iYWxhbmRhdDoARG9jdW1lbnRzOgBQaERfQmVya2VsZXk6AFJlc2VhcmNoOgBSZWZlcmVuY2VzOgBQYXBlcnMgOgAyMDA0OgAyMDA0YSAtIEJveWQgLSBDb252ZXgjRjRCNUUucGRmAA4ATgAmADIAMAAwADQAYQAgAC0AIABCAG8AeQBkACAALQAgAEMAbwBuAHYAZQB4ACAATwBwAHQAaQBtAGkAegBhAHQAaQBvAG4ALgBwAGQAZgAPABoADABNAGEAYwBpAG4AdABvAHMAaAAgAEgARAASAG5Vc2Vycy9tYmFsYW5kYXQvRG9jdW1lbnRzL1BoRF9CZXJrZWxleS9SZXNlYXJjaC9SZWZlcmVuY2VzL1BhcGVycyAvMjAwNC8yMDA0YSAtIEJveWQgLSBDb252ZXggT3B0aW1pemF0aW9uLnBkZgATAAEvAAAVAAIAEP//AACABdIcHR4fWCRjbGFzc2VzWiRjbGFzc25hbWWjHyAhXU5TTXV0YWJsZURhdGFWTlNEYXRhWE5TT2JqZWN0XxBZLi4vLi4vLi4vLi4vLi4vLi4vUmVzZWFyY2gvUmVmZXJlbmNlcy9QYXBlcnMgLzIwMDQvMjAwNGEgLSBCb3lkIC0gQ29udmV4IE9wdGltaXphdGlvbi5wZGbSHB0kJaIlIVxOU0RpY3Rpb25hcnkSAAGGoF8QD05TS2V5ZWRBcmNoaXZlcgAIABEAFgAfACgAMgA1ADoAPABFAEsAUgBdAGUAbABvAHEAcwB2AHgAegB8AIYAkwCYAKAC8ALyAvcDAAMLAw8DHQMkAy0DiQOOA5EDngOjAAAAAAAAAgEAAAAAAAAAKAAAAAAAAAAAAAAAAAAAA7U=}}

@article{Toh:1999kx,
	Abstract = { This software package is a MATLAB implementation of infeasible path-following algorithms for solving standard semidefinite programs (SDP). Mehrotra-type predictor-corrector variants are included. Analogous algorithms for the homogeneous formulation of the standard SDP are also implemented. Four types of search directions are available, namely, the AHO, HKM, NT, and GT directions. A few classes of SDP problems are included as well. Numerical results for these classes show that our algorithms are fairly efficient and robust on problems with dimensions of the order of a hundred. },
	Author = {Toh, K. C. and Todd, M. J. and T{\"u}t{\"u}nc{\"u}, R. H.},
	Date-Added = {2012-03-29 04:45:18 +0000},
	Date-Modified = {2012-03-29 04:45:22 +0000},
	Doi = {10.1080/10556789908805762},
	Eprint = {http://www.tandfonline.com/doi/pdf/10.1080/10556789908805762},
	Journal = {Optimization Methods and Software},
	Number = {1-4},
	Pages = {545-581},
	Title = {SDPT3 --- A Matlab software package for semidefinite programming, Version 1.3},
	Url = {http://www.tandfonline.com/doi/abs/10.1080/10556789908805762},
	Volume = {11},
	Year = {1999},
	Bdsk-Url-1 = {http://www.tandfonline.com/doi/abs/10.1080/10556789908805762},
	Bdsk-Url-2 = {http://dx.doi.org/10.1080/10556789908805762}}

@article{Sturm:1999uq,
	Abstract = { SeDuMi is an add-on for MATLAB, which lets you solve optimization problems with linear, quadratic and semidefiniteness constraints. It is possible to have complex valued data and variables in SeDuMi. Moreover, large scale optimization problems are solved efficiently, by exploiting sparsity. This paper describes how to work with this toolbox. },
	Author = {Sturm, Jos F.},
	Date-Added = {2012-03-29 04:42:47 +0000},
	Date-Modified = {2012-03-29 04:42:55 +0000},
	Doi = {10.1080/10556789908805766},
	Eprint = {http://www.tandfonline.com/doi/pdf/10.1080/10556789908805766},
	Journal = {Optimization Methods and Software},
	Number = {1-4},
	Pages = {625-653},
	Title = {Using SeDuMi 1.02, A Matlab toolbox for optimization over symmetric cones},
	Url = {http://www.tandfonline.com/doi/abs/10.1080/10556789908805766},
	Volume = {11},
	Year = {1999},
	Bdsk-Url-1 = {http://www.tandfonline.com/doi/abs/10.1080/10556789908805766},
	Bdsk-Url-2 = {http://dx.doi.org/10.1080/10556789908805766}}

@book{Bertsekas:1996fk,
	Author = {Bertsekas, D.P.},
	Date-Added = {2012-03-29 00:40:19 +0000},
	Date-Modified = {2012-03-29 00:40:36 +0000},
	Isbn = {9781886529045},
	Publisher = {Athena Scientific},
	Series = {Optimization and neural computation series},
	Title = {Constrained optimization and Lagrange multiplier methods},
	Year = {1996}}

@techreport{Nesterov:2007kx,
	Author = {Nesterov, Yuri E.},
	Date-Added = {2012-03-27 23:58:43 +0000},
	Date-Modified = {2012-03-28 00:00:14 +0000},
	Institution = {CORE},
	Title = {Gradient Methods for Minimizing Composite Objective Function},
	Url = {http://www.optimization-online.org/DB_HTML/2007/09/1784.html},
	Year = {2007},
	Bdsk-File-1 = {YnBsaXN0MDDUAQIDBAUIJidUJHRvcFgkb2JqZWN0c1gkdmVyc2lvblkkYXJjaGl2ZXLRBgdUcm9vdIABqAkKFRYXGyIjVSRudWxs0wsMDQ4RFFpOUy5vYmplY3RzV05TLmtleXNWJGNsYXNzog8QgASABqISE4ACgAOAB1lhbGlhc0RhdGFccmVsYXRpdmVQYXRo0hgNGRpXTlMuZGF0YU8RAtQAAAAAAtQAAgAADE1hY2ludG9zaCBIRAAAAAAAAAAAAAAAAAAAAMgGU6tIKwAAAeEv3x8yMDA3YSAtIE5lc3Rlcm92IC0gIzY5RTUwM0YucGRmAAAAAAAAAAAAAAAAAAAAAAAAAAAAAAAAAAAAAAAAAAAGnlA/y5eiMQAAAAAAAAAAAAYABQAACSAAAAAAAAAAAAAAAAAAAAAEMjAwNwAQAAgAAMgGthsAAAARAAgAAMuYBKEAAAABACAB4S/fAcu/4AHLv24ADzYzAA82JQAIShAACEoDAACSPwACAHxNYWNpbnRvc2ggSEQ6VXNlcnM6AG1iYWxhbmRhdDoARG9jdW1lbnRzOgBQaERfQmVya2VsZXk6AFJlc2VhcmNoOgBSZWZlcmVuY2VzOgBQYXBlcnMgOgAyMDA3OgAyMDA3YSAtIE5lc3Rlcm92IC0gIzY5RTUwM0YucGRmAA4AqABTADIAMAAwADcAYQAgAC0AIABOAGUAcwB0AGUAcgBvAHYAIAAtACAARwByAGEAZABpAGUAbgB0ACAATQBlAHQAaABvAGQAcwAgAGYAbwByACAATQBpAG4AaQBtAGkAegBpAG4AZwAgAEMAbwBtAHAAbwBzAGkAdABlACAATwBiAGoAZQBjAHQAaQB2AGUAIABGAHUAbgBjAHQAaQBvAG4ALgBwAGQAZgAPABoADABNAGEAYwBpAG4AdABvAHMAaAAgAEgARAASAJtVc2Vycy9tYmFsYW5kYXQvRG9jdW1lbnRzL1BoRF9CZXJrZWxleS9SZXNlYXJjaC9SZWZlcmVuY2VzL1BhcGVycyAvMjAwNy8yMDA3YSAtIE5lc3Rlcm92IC0gR3JhZGllbnQgTWV0aG9kcyBmb3IgTWluaW1pemluZyBDb21wb3NpdGUgT2JqZWN0aXZlIEZ1bmN0aW9uLnBkZgAAEwABLwAAFQACABD//wAAgAXSHB0eH1gkY2xhc3Nlc1okY2xhc3NuYW1lox8gIV1OU011dGFibGVEYXRhVk5TRGF0YVhOU09iamVjdF8Qhi4uLy4uLy4uLy4uLy4uLy4uL1Jlc2VhcmNoL1JlZmVyZW5jZXMvUGFwZXJzIC8yMDA3LzIwMDdhIC0gTmVzdGVyb3YgLSBHcmFkaWVudCBNZXRob2RzIGZvciBNaW5pbWl6aW5nIENvbXBvc2l0ZSBPYmplY3RpdmUgRnVuY3Rpb24ucGRm0hwdJCWiJSFcTlNEaWN0aW9uYXJ5EgABhqBfEA9OU0tleWVkQXJjaGl2ZXIACAARABYAHwAoADIANQA6ADwARQBLAFIAXQBlAGwAbwBxAHMAdgB4AHoAfACGAJMAmACgA3gDegN/A4gDkwOXA6UDrAO1BD4EQwRGBFMEWAAAAAAAAAIBAAAAAAAAACgAAAAAAAAAAAAAAAAAAARq}}

@article{Nesterov:1983uq,
	Author = {Nesterov, Yuri E.},
	Date-Added = {2012-03-27 23:54:00 +0000},
	Date-Modified = {2012-03-27 23:55:48 +0000},
	Journal = {Soviet Math. Dokl.},
	Number = {2},
	Pages = {372-376},
	Title = {A method for solving the convex programming problem with convergence rate {O}$(1/k^2)$},
	Volume = {27},
	Year = {1983},
	Bdsk-File-1 = {YnBsaXN0MDDUAQIDBAUIJidUJHRvcFgkb2JqZWN0c1gkdmVyc2lvblkkYXJjaGl2ZXLRBgdUcm9vdIABqAkKFRYXGyIjVSRudWxs0wsMDQ4RFFpOUy5vYmplY3RzV05TLmtleXNWJGNsYXNzog8QgASABqISE4ACgAOAB1lhbGlhc0RhdGFccmVsYXRpdmVQYXRo0hgNGRpXTlMuZGF0YU8RAsgAAAAAAsgAAgAADE1hY2ludG9zaCBIRAAAAAAAAAAAAAAAAAAAAMgGU6tIKwAABcm7Ix8xOTgzYSAtIE5lc3Rlcm92IC0gIzY5RTREM0YucGRmAAAAAAAAAAAAAAAAAAAAAAAAAAAAAAAAAAAAAAAAAAAGnk0/y5ehAAAAAAAAAAAAAAYABQAACSAAAAAAAAAAAAAAAAAAAAAEMTk4MwAQAAgAAMgGthsAAAARAAgAAMuYA3AAAAABACAFybsjAcu/4AHLv24ADzYzAA82JQAIShAACEoDAACSPwACAHxNYWNpbnRvc2ggSEQ6VXNlcnM6AG1iYWxhbmRhdDoARG9jdW1lbnRzOgBQaERfQmVya2VsZXk6AFJlc2VhcmNoOgBSZWZlcmVuY2VzOgBQYXBlcnMgOgAxOTgzOgAxOTgzYSAtIE5lc3Rlcm92IC0gIzY5RTREM0YucGRmAA4AoABPADEAOQA4ADMAYQAgAC0AIABOAGUAcwB0AGUAcgBvAHYAIAAtACAAQQAgAG0AZQB0AGgAbwBkACAAZgBvAHIAIABzAG8AbAB2AGkAbgBnACAAdABoAGUAIABjAG8AbgB2AGUAeAAgAHAAcgBvAGcAcgBhAG0AbQBpAG4AZwAgAHAAcgBvAGIAbABlAG0AIAB3AGkAdABoAC4AcABkAGYADwAaAAwATQBhAGMAaQBuAHQAbwBzAGgAIABIAEQAEgCXVXNlcnMvbWJhbGFuZGF0L0RvY3VtZW50cy9QaERfQmVya2VsZXkvUmVzZWFyY2gvUmVmZXJlbmNlcy9QYXBlcnMgLzE5ODMvMTk4M2EgLSBOZXN0ZXJvdiAtIEEgbWV0aG9kIGZvciBzb2x2aW5nIHRoZSBjb252ZXggcHJvZ3JhbW1pbmcgcHJvYmxlbSB3aXRoLnBkZgAAEwABLwAAFQACABD//wAAgAXSHB0eH1gkY2xhc3Nlc1okY2xhc3NuYW1lox8gIV1OU011dGFibGVEYXRhVk5TRGF0YVhOU09iamVjdF8Qgi4uLy4uLy4uLy4uLy4uLy4uL1Jlc2VhcmNoL1JlZmVyZW5jZXMvUGFwZXJzIC8xOTgzLzE5ODNhIC0gTmVzdGVyb3YgLSBBIG1ldGhvZCBmb3Igc29sdmluZyB0aGUgY29udmV4IHByb2dyYW1taW5nIHByb2JsZW0gd2l0aC5wZGbSHB0kJaIlIVxOU0RpY3Rpb25hcnkSAAGGoF8QD05TS2V5ZWRBcmNoaXZlcgAIABEAFgAfACgAMgA1ADoAPABFAEsAUgBdAGUAbABvAHEAcwB2AHgAegB8AIYAkwCYAKADbANuA3MDfAOHA4sDmQOgA6kELgQzBDYEQwRIAAAAAAAAAgEAAAAAAAAAKAAAAAAAAAAAAAAAAAAABFo=}}

@article{Wright:2009fk,
	Author = {Wright, John and Ganesh, Arvind and Rao, Shankar and Ma, Yi},
	Date-Added = {2012-03-27 18:13:15 +0000},
	Date-Modified = {2012-03-27 18:15:05 +0000},
	Journal = {Submitted to Journal of the ACM},
	Title = {Robust principal component analysis: Exact recovery of corrupted low-rank matrices via convex optimization},
	Url = {http://perception.csl.uiuc.edu/recognition/Files/Wright09-RPCA.pdf},
	Year = {2009},
	Bdsk-File-1 = {YnBsaXN0MDDUAQIDBAUIJidUJHRvcFgkb2JqZWN0c1gkdmVyc2lvblkkYXJjaGl2ZXLRBgdUcm9vdIABqAkKFRYXGyIjVSRudWxs0wsMDQ4RFFpOUy5vYmplY3RzV05TLmtleXNWJGNsYXNzog8QgASABqISE4ACgAOAB1lhbGlhc0RhdGFccmVsYXRpdmVQYXRo0hgNGRpXTlMuZGF0YU8RArAAAAAAArAAAgAADE1hY2ludG9zaCBIRAAAAAAAAAAAAAAAAAAAAMgGU6tIKwAAAeEv4h8yMDA5YSAtIFdyaWdodCAtIFJvIzY5REQxODkucGRmAAAAAAAAAAAAAAAAAAAAAAAAAAAAAAAAAAAAAAAAAAAGndGJy5dRNwAAAAAAAAAAAAYABQAACSAAAAAAAAAAAAAAAAAAAAAEMjAwOQAQAAgAAMgGthsAAAARAAgAAMuXs6cAAAABACAB4S/iAcu/4AHLv24ADzYzAA82JQAIShAACEoDAACSPwACAHxNYWNpbnRvc2ggSEQ6VXNlcnM6AG1iYWxhbmRhdDoARG9jdW1lbnRzOgBQaERfQmVya2VsZXk6AFJlc2VhcmNoOgBSZWZlcmVuY2VzOgBQYXBlcnMgOgAyMDA5OgAyMDA5YSAtIFdyaWdodCAtIFJvIzY5REQxODkucGRmAA4AkABHADIAMAAwADkAYQAgAC0AIABXAHIAaQBnAGgAdAAgAC0AIABSAG8AYgB1AHMAdAAgAHAAcgBpAG4AYwBpAHAAYQBsACAAYwBvAG0AcABvAG4AZQBuAHQAIABhAG4AYQBsAHkAcwBpAHMAIABFAHgAYQBjAHQAIAByAGUAYwBvAHYAZQByAHkALgBwAGQAZgAPABoADABNAGEAYwBpAG4AdABvAHMAaAAgAEgARAASAI9Vc2Vycy9tYmFsYW5kYXQvRG9jdW1lbnRzL1BoRF9CZXJrZWxleS9SZXNlYXJjaC9SZWZlcmVuY2VzL1BhcGVycyAvMjAwOS8yMDA5YSAtIFdyaWdodCAtIFJvYnVzdCBwcmluY2lwYWwgY29tcG9uZW50IGFuYWx5c2lzIEV4YWN0IHJlY292ZXJ5LnBkZgAAEwABLwAAFQACABD//wAAgAXSHB0eH1gkY2xhc3Nlc1okY2xhc3NuYW1lox8gIV1OU011dGFibGVEYXRhVk5TRGF0YVhOU09iamVjdF8Qei4uLy4uLy4uLy4uLy4uLy4uL1Jlc2VhcmNoL1JlZmVyZW5jZXMvUGFwZXJzIC8yMDA5LzIwMDlhIC0gV3JpZ2h0IC0gUm9idXN0IHByaW5jaXBhbCBjb21wb25lbnQgYW5hbHlzaXMgRXhhY3QgcmVjb3ZlcnkucGRm0hwdJCWiJSFcTlNEaWN0aW9uYXJ5EgABhqBfEA9OU0tleWVkQXJjaGl2ZXIACAARABYAHwAoADIANQA6ADwARQBLAFIAXQBlAGwAbwBxAHMAdgB4AHoAfACGAJMAmACgA1QDVgNbA2QDbwNzA4EDiAORBA4EEwQWBCMEKAAAAAAAAAIBAAAAAAAAACgAAAAAAAAAAAAAAAAAAAQ6}}

@article{Beck:2009kx,
	Author = {Beck, Amir and Teboulle, Marc},
	Date-Added = {2012-03-26 01:30:05 +0000},
	Date-Modified = {2012-03-26 01:30:08 +0000},
	Doi = {10.1137/080716542},
	Journal = {SIAM Journal on Imaging Sciences},
	Keywords = {iterative shrinkage-thresholding algorithm; deconvolution; linear inverse problem; least squares and $l_1$ regularization problems; optimal gradient method; global rate of convergence; two-step iterative algorithms; image deblurring},
	Number = {1},
	Pages = {183-202},
	Publisher = {SIAM},
	Title = {A Fast Iterative Shrinkage-Thresholding Algorithm for Linear Inverse Problems},
	Url = {http://link.aip.org/link/?SII/2/183/1},
	Volume = {2},
	Year = {2009},
	Bdsk-File-1 = {YnBsaXN0MDDUAQIDBAUIJidUJHRvcFgkb2JqZWN0c1gkdmVyc2lvblkkYXJjaGl2ZXLRBgdUcm9vdIABqAkKFRYXGyIjVSRudWxs0wsMDQ4RFFpOUy5vYmplY3RzV05TLmtleXNWJGNsYXNzog8QgASABqISE4ACgAOAB1lhbGlhc0RhdGFccmVsYXRpdmVQYXRo0hgNGRpXTlMuZGF0YU8RAuAAAAAAAuAAAgAADE1hY2ludG9zaCBIRAAAAAAAAAAAAAAAAAAAAMgGU6tIKwAAAeEv4h8yMDA5YSAtIEJlY2sgLSBBIEZhIzY5RTI5NUMucGRmAAAAAAAAAAAAAAAAAAAAAAAAAAAAAAAAAAAAAAAAAAAGnilcy5Un1FBERiAAAAAAAAYABQAACSAAAAAAAAAAAAAAAAAAAAAEMjAwOQAQAAgAAMgGthsAAAARAAgAAMuVikQAAAABACAB4S/iAcu/4AHLv24ADzYzAA82JQAIShAACEoDAACSPwACAHxNYWNpbnRvc2ggSEQ6VXNlcnM6AG1iYWxhbmRhdDoARG9jdW1lbnRzOgBQaERfQmVya2VsZXk6AFJlc2VhcmNoOgBSZWZlcmVuY2VzOgBQYXBlcnMgOgAyMDA5OgAyMDA5YSAtIEJlY2sgLSBBIEZhIzY5RTI5NUMucGRmAA4AsABXADIAMAAwADkAYQAgAC0AIABCAGUAYwBrACAALQAgAEEAIABGAGEAcwB0ACAASQB0AGUAcgBhAHQAaQB2AGUAIABTAGgAcgBpAG4AawBhAGcAZQAtAFQAaAByAGUAcwBoAG8AbABkAGkAbgBnACAAQQBsAGcAbwByAGkAdABoAG0AIABmAG8AcgAgAEwAaQBuAGUAYQByACAASQBuAHYAZQByAHMAZQAuAHAAZABmAA8AGgAMAE0AYQBjAGkAbgB0AG8AcwBoACAASABEABIAn1VzZXJzL21iYWxhbmRhdC9Eb2N1bWVudHMvUGhEX0JlcmtlbGV5L1Jlc2VhcmNoL1JlZmVyZW5jZXMvUGFwZXJzIC8yMDA5LzIwMDlhIC0gQmVjayAtIEEgRmFzdCBJdGVyYXRpdmUgU2hyaW5rYWdlLVRocmVzaG9sZGluZyBBbGdvcml0aG0gZm9yIExpbmVhciBJbnZlcnNlLnBkZgAAEwABLwAAFQACABD//wAAgAXSHB0eH1gkY2xhc3Nlc1okY2xhc3NuYW1lox8gIV1OU011dGFibGVEYXRhVk5TRGF0YVhOU09iamVjdF8Qii4uLy4uLy4uLy4uLy4uLy4uL1Jlc2VhcmNoL1JlZmVyZW5jZXMvUGFwZXJzIC8yMDA5LzIwMDlhIC0gQmVjayAtIEEgRmFzdCBJdGVyYXRpdmUgU2hyaW5rYWdlLVRocmVzaG9sZGluZyBBbGdvcml0aG0gZm9yIExpbmVhciBJbnZlcnNlLnBkZtIcHSQloiUhXE5TRGljdGlvbmFyeRIAAYagXxAPTlNLZXllZEFyY2hpdmVyAAgAEQAWAB8AKAAyADUAOgA8AEUASwBSAF0AZQBsAG8AcQBzAHYAeAB6AHwAhgCTAJgAoAOEA4YDiwOUA58DowOxA7gDwQROBFMEVgRjBGgAAAAAAAACAQAAAAAAAAAoAAAAAAAAAAAAAAAAAAAEeg==},
	Bdsk-Url-1 = {http://link.aip.org/link/?SII/2/183/1},
	Bdsk-Url-2 = {http://dx.doi.org/10.1137/080716542}}

@article{Cai:2010uq,
	Acmid = {1898451},
	Address = {Philadelphia, PA, USA},
	Author = {Cai, Jian-Feng and Cand\`{e}s, Emmanuel J. and Shen, Zuowei},
	Date-Added = {2012-03-25 23:51:36 +0000},
	Date-Modified = {2012-03-25 23:53:00 +0000},
	Doi = {10.1137/080738970},
	Issn = {1052-6234},
	Issue_Date = {January 2010},
	Journal = {SIAM J. on Optimization},
	Keywords = {Lagrange dual function, Uzawa's algorithm, linearized Bregman iteration, matrix completion, nuclear norm minimization, singular value thresholding},
	Month = mar,
	Number = {4},
	Numpages = {27},
	Pages = {1956--1982},
	Publisher = {Society for Industrial and Applied Mathematics},
	Title = {A Singular Value Thresholding Algorithm for Matrix Completion},
	Url = {http://dx.doi.org/10.1137/080738970},
	Volume = {20},
	Year = {2010},
	Bdsk-File-1 = {YnBsaXN0MDDUAQIDBAUIJidUJHRvcFgkb2JqZWN0c1gkdmVyc2lvblkkYXJjaGl2ZXLRBgdUcm9vdIABqAkKFRYXGyIjVSRudWxs0wsMDQ4RFFpOUy5vYmplY3RzV05TLmtleXNWJGNsYXNzog8QgASABqISE4ACgAOAB1lhbGlhc0RhdGFccmVsYXRpdmVQYXRo0hgNGRpXTlMuZGF0YU8RAsgAAAAAAsgAAgAADE1hY2ludG9zaCBIRAAAAAAAAAAAAAAAAAAAAMgGU6tIKwAAAeEv4x8yMDEwYSAtIENhaSAtIEEgU2luIzY5RTAxMUMucGRmAAAAAAAAAAAAAAAAAAAAAAAAAAAAAAAAAAAAAAAAAAAGngEcy5T93VBERiAAAAAAAAYABQAACSAAAAAAAAAAAAAAAAAAAAAEMjAxMAAQAAgAAMgGthsAAAARAAgAAMuVYE0AAAABACAB4S/jAcu/4AHLv24ADzYzAA82JQAIShAACEoDAACSPwACAHxNYWNpbnRvc2ggSEQ6VXNlcnM6AG1iYWxhbmRhdDoARG9jdW1lbnRzOgBQaERfQmVya2VsZXk6AFJlc2VhcmNoOgBSZWZlcmVuY2VzOgBQYXBlcnMgOgAyMDEwOgAyMDEwYSAtIENhaSAtIEEgU2luIzY5RTAxMUMucGRmAA4AoABPADIAMAAxADAAYQAgAC0AIABDAGEAaQAgAC0AIABBACAAUwBpAG4AZwB1AGwAYQByACAAVgBhAGwAdQBlACAAVABoAHIAZQBzAGgAbwBsAGQAaQBuAGcAIABBAGwAZwBvAHIAaQB0AGgAbQAgAGYAbwByACAATQBhAHQAcgBpAHgAIABDAG8AbQBwAGwAZQB0AGkAbwBuAC4AcABkAGYADwAaAAwATQBhAGMAaQBuAHQAbwBzAGgAIABIAEQAEgCXVXNlcnMvbWJhbGFuZGF0L0RvY3VtZW50cy9QaERfQmVya2VsZXkvUmVzZWFyY2gvUmVmZXJlbmNlcy9QYXBlcnMgLzIwMTAvMjAxMGEgLSBDYWkgLSBBIFNpbmd1bGFyIFZhbHVlIFRocmVzaG9sZGluZyBBbGdvcml0aG0gZm9yIE1hdHJpeCBDb21wbGV0aW9uLnBkZgAAEwABLwAAFQACABD//wAAgAXSHB0eH1gkY2xhc3Nlc1okY2xhc3NuYW1lox8gIV1OU011dGFibGVEYXRhVk5TRGF0YVhOU09iamVjdF8Qgi4uLy4uLy4uLy4uLy4uLy4uL1Jlc2VhcmNoL1JlZmVyZW5jZXMvUGFwZXJzIC8yMDEwLzIwMTBhIC0gQ2FpIC0gQSBTaW5ndWxhciBWYWx1ZSBUaHJlc2hvbGRpbmcgQWxnb3JpdGhtIGZvciBNYXRyaXggQ29tcGxldGlvbi5wZGbSHB0kJaIlIVxOU0RpY3Rpb25hcnkSAAGGoF8QD05TS2V5ZWRBcmNoaXZlcgAIABEAFgAfACgAMgA1ADoAPABFAEsAUgBdAGUAbABvAHEAcwB2AHgAegB8AIYAkwCYAKADbANuA3MDfAOHA4sDmQOgA6kELgQzBDYEQwRIAAAAAAAAAgEAAAAAAAAAKAAAAAAAAAAAAAAAAAAABFo=},
	Bdsk-Url-1 = {http://dx.doi.org/10.1137/080738970}}

@article{Lin:2010fk,
	Abstract = {This paper proposes scalable and fast algorithms for solving the Robust PCA problem, namely recovering a low-rank matrix with an unknown fraction of its entries being arbitrarily corrupted. This problem arises in many applications, such as image processing, web data ranking, and bioinformatic data analysis. It was recently shown that under surprisingly broad conditions, the Robust PCA problem can be exactly solved via convex optimization that minimizes a combination of the nuclear norm and the l1-norm . In this paper, we apply the method of augmented Lagrange multipliers (ALM) to solve this convex program. As the objective function is non-smooth, we show how to extend the classical analysis of ALM to such new objective functions and prove the optimality of the proposed algorithms and characterize their convergence rate. Empirically, the proposed new algorithms can be more than five times faster than the previous state-of-the-art algorithms for Robust PCA, such as the accelerated proximal gradient (APG) algorithm. Moreover, the new algorithms achieve higher precision, yet being less storage/memory demanding. We also show that the ALM technique can be used to solve the (related but somewhat simpler) matrix completion problem and obtain rather promising results too. We further prove the necessary and sufficient condition for the inexact ALM to converge globally. Matlab code of all algorithms discussed are available at http://perception.csl.illinois.edu/matrix-rank/home.html},
	Archiveprefix = {arXiv},
	Author = {Lin, Z. and Chen, M. and Ma, Y.},
	Date-Added = {2012-03-25 22:18:03 +0000},
	Date-Modified = {2012-03-25 22:18:53 +0000},
	Eprint = {1009.5055},
	Journal = {arXiv preprint},
	Keywords = {Mathematics - Optimization and Control, Computer Science - Numerical Analysis, Computer Science - Systems and Control},
	Month = sep,
	Title = {{The Augmented Lagrange Multiplier Method for Exact Recovery of Corrupted Low-Rank Matrices}},
	Year = 2010,
	Bdsk-File-1 = {YnBsaXN0MDDUAQIDBAUIJidUJHRvcFgkb2JqZWN0c1gkdmVyc2lvblkkYXJjaGl2ZXLRBgdUcm9vdIABqAkKFRYXGyIjVSRudWxs0wsMDQ4RFFpOUy5vYmplY3RzV05TLmtleXNWJGNsYXNzog8QgASABqISE4ACgAOAB1lhbGlhc0RhdGFccmVsYXRpdmVQYXRo0hgNGRpXTlMuZGF0YU8RAsIAAAAAAsIAAgAADE1hY2ludG9zaCBIRAAAAAAAAAAAAAAAAAAAAMgGU6tIKwAAAeEv4x8yMDEwYSAtIExpbiAtIFRoZSBBIzZBODk3MjQucGRmAAAAAAAAAAAAAAAAAAAAAAAAAAAAAAAAAAAAAAAAAAAGqJcky5TnVFBERiAAAAAAAAYABQAACSAAAAAAAAAAAAAAAAAAAAAEMjAxMAAQAAgAAMgGthsAAAARAAgAAMuVScQAAAABACAB4S/jAcu/4AHLv24ADzYzAA82JQAIShAACEoDAACSPwACAHxNYWNpbnRvc2ggSEQ6VXNlcnM6AG1iYWxhbmRhdDoARG9jdW1lbnRzOgBQaERfQmVya2VsZXk6AFJlc2VhcmNoOgBSZWZlcmVuY2VzOgBQYXBlcnMgOgAyMDEwOgAyMDEwYSAtIExpbiAtIFRoZSBBIzZBODk3MjQucGRmAA4AnABNADIAMAAxADAAYQAgAC0AIABMAGkAbgAgAC0AIABUAGgAZQAgAEEAdQBnAG0AZQBuAHQAZQBkACAATABhAGcAcgBhAG4AZwBlACAATQB1AGwAdABpAHAAbABpAGUAcgAgAE0AZQB0AGgAbwBkACAAZgBvAHIAIABFAHgAYQBjAHQAIABSAGUAYwBvAHYAZQByAHkALgBwAGQAZgAPABoADABNAGEAYwBpAG4AdABvAHMAaAAgAEgARAASAJVVc2Vycy9tYmFsYW5kYXQvRG9jdW1lbnRzL1BoRF9CZXJrZWxleS9SZXNlYXJjaC9SZWZlcmVuY2VzL1BhcGVycyAvMjAxMC8yMDEwYSAtIExpbiAtIFRoZSBBdWdtZW50ZWQgTGFncmFuZ2UgTXVsdGlwbGllciBNZXRob2QgZm9yIEV4YWN0IFJlY292ZXJ5LnBkZgAAEwABLwAAFQACABD//wAAgAXSHB0eH1gkY2xhc3Nlc1okY2xhc3NuYW1lox8gIV1OU011dGFibGVEYXRhVk5TRGF0YVhOU09iamVjdF8QgC4uLy4uLy4uLy4uLy4uLy4uL1Jlc2VhcmNoL1JlZmVyZW5jZXMvUGFwZXJzIC8yMDEwLzIwMTBhIC0gTGluIC0gVGhlIEF1Z21lbnRlZCBMYWdyYW5nZSBNdWx0aXBsaWVyIE1ldGhvZCBmb3IgRXhhY3QgUmVjb3ZlcnkucGRm0hwdJCWiJSFcTlNEaWN0aW9uYXJ5EgABhqBfEA9OU0tleWVkQXJjaGl2ZXIACAARABYAHwAoADIANQA6ADwARQBLAFIAXQBlAGwAbwBxAHMAdgB4AHoAfACGAJMAmACgA2YDaANtA3YDgQOFA5MDmgOjBCYEKwQuBDsEQAAAAAAAAAIBAAAAAAAAACgAAAAAAAAAAAAAAAAAAARS}}

@techreport{Lin:2009kx,
	Annote = {29. ,
Zhouchen Lin, Arvind Ganesh, John Wright, Leqin Wu, Minming Chen, and Yi Ma, UIUC Technical Report UILU-ENG-09-2214, July 2009. Conference version published in International Workshop on Computational Advances in Multi-Sensor Adaptive Processing, December 2009.},
	Author = {Lin, Zhouchen and Ganesh, Arvind and Wright, John and Wu, Leqin and Chen, Minming and M, Yi},
	Date-Added = {2012-03-25 01:35:44 +0000},
	Date-Modified = {2012-03-25 01:37:25 +0000},
	Institution = {UIUC},
	Month = {Jul},
	Number = {UILU-ENG-09-2214},
	Title = {Fast Convex Optimization Algorithms for Exact Recovery of a Corrupted Low-Rank Matrix},
	Year = {2009},
	Bdsk-File-1 = {YnBsaXN0MDDUAQIDBAUIJidUJHRvcFgkb2JqZWN0c1gkdmVyc2lvblkkYXJjaGl2ZXLRBgdUcm9vdIABqAkKFRYXGyIjVSRudWxs0wsMDQ4RFFpOUy5vYmplY3RzV05TLmtleXNWJGNsYXNzog8QgASABqISE4ACgAOAB1lhbGlhc0RhdGFccmVsYXRpdmVQYXRo0hgNGRpXTlMuZGF0YU8RArIAAAAAArIAAgAADE1hY2ludG9zaCBIRAAAAAAAAAAAAAAAAAAAAMgGU6tIKwAAAeEv4h8yMDA5YSAtIExpbiAtIEZhc3QgIzZDQjI2QkIucGRmAAAAAAAAAAAAAAAAAAAAAAAAAAAAAAAAAAAAAAAAAAAGyya7y5PEcVBERiAAAAAAAAYABQAACSAAAAAAAAAAAAAAAAAAAAAEMjAwOQAQAAgAAMgGthsAAAARAAgAAMuUJuEAAAABACAB4S/iAcu/4AHLv24ADzYzAA82JQAIShAACEoDAACSPwACAHxNYWNpbnRvc2ggSEQ6VXNlcnM6AG1iYWxhbmRhdDoARG9jdW1lbnRzOgBQaERfQmVya2VsZXk6AFJlc2VhcmNoOgBSZWZlcmVuY2VzOgBQYXBlcnMgOgAyMDA5OgAyMDA5YSAtIExpbiAtIEZhc3QgIzZDQjI2QkIucGRmAA4AkgBIADIAMAAwADkAYQAgAC0AIABMAGkAbgAgAC0AIABGAGEAcwB0ACAAQwBvAG4AdgBlAHgAIABPAHAAdABpAG0AaQB6AGEAdABpAG8AbgAgAEEAbABnAG8AcgBpAHQAaABtAHMAIABmAG8AcgAgAEUAeABhAGMAdAAgAFIAZQBjAG8AdgBlAHIAeQAuAHAAZABmAA8AGgAMAE0AYQBjAGkAbgB0AG8AcwBoACAASABEABIAkFVzZXJzL21iYWxhbmRhdC9Eb2N1bWVudHMvUGhEX0JlcmtlbGV5L1Jlc2VhcmNoL1JlZmVyZW5jZXMvUGFwZXJzIC8yMDA5LzIwMDlhIC0gTGluIC0gRmFzdCBDb252ZXggT3B0aW1pemF0aW9uIEFsZ29yaXRobXMgZm9yIEV4YWN0IFJlY292ZXJ5LnBkZgATAAEvAAAVAAIAEP//AACABdIcHR4fWCRjbGFzc2VzWiRjbGFzc25hbWWjHyAhXU5TTXV0YWJsZURhdGFWTlNEYXRhWE5TT2JqZWN0XxB7Li4vLi4vLi4vLi4vLi4vLi4vUmVzZWFyY2gvUmVmZXJlbmNlcy9QYXBlcnMgLzIwMDkvMjAwOWEgLSBMaW4gLSBGYXN0IENvbnZleCBPcHRpbWl6YXRpb24gQWxnb3JpdGhtcyBmb3IgRXhhY3QgUmVjb3ZlcnkucGRm0hwdJCWiJSFcTlNEaWN0aW9uYXJ5EgABhqBfEA9OU0tleWVkQXJjaGl2ZXIACAARABYAHwAoADIANQA6ADwARQBLAFIAXQBlAGwAbwBxAHMAdgB4AHoAfACGAJMAmACgA1YDWANdA2YDcQN1A4MDigOTBBEEFgQZBCYEKwAAAAAAAAIBAAAAAAAAACgAAAAAAAAAAAAAAAAAAAQ9}}

@inproceedings{Ganesh:2009fk,
	Abstract = {This paper studies algorithms for solving the problem of recovering a low-rank matrix with a fraction of its entries arbitrarily corrupted. This problem can be viewed as a robust version of classical PCA, and arises in a number of application domains, including image processing, web data ranking, and bioinformatic data analysis. It was recently shown that under surprisingly broad conditions, it can be exactly solved via a convex programming surrogate that combines nuclear norm minimization and {\^A}¿1-norm minimization. This paper develops and compares two complementary approaches for solving this convex program. The first is an accelerated proximal gradient algorithm directly applied to the primal; while the second is a gradient algorithm applied to the dual problem. Both are several orders of magnitude faster than the previous state-of-the-art algorithm for this problem, which was based on iterative thresholding. Simulations demonstrate the performance improvement that can be obtained via these two algorithms, and clarify their relative merits.},
	Author = {Ganesh, A. and Lin, Zhouchen and Wright, J. and Wu, Leqin and Chen, Minming and Ma, Yi},
	Booktitle = {Computational Advances in Multi-Sensor Adaptive Processing (CAMSAP), 2009 3rd IEEE International Workshop on},
	Date-Added = {2012-03-25 01:33:29 +0000},
	Date-Modified = {2012-03-25 01:33:58 +0000},
	Doi = {10.1109/CAMSAP.2009.5413299},
	Keywords = {PCA;accelerated proximal gradient algorithm;convex programming;corrupted low-rank matrix recovery;fast algorithms;iterative thresholding;nuclear norm minimization;{\^A}¿1-norm minimization;convex programming;gradient methods;matrix algebra;principal component analysis;},
	Month = {dec.},
	Pages = {213 -216},
	Title = {Fast algorithms for recovering a corrupted low-rank matrix},
	Year = {2009},
	Bdsk-File-1 = {YnBsaXN0MDDUAQIDBAUIJidUJHRvcFgkb2JqZWN0c1gkdmVyc2lvblkkYXJjaGl2ZXLRBgdUcm9vdIABqAkKFRYXGyIjVSRudWxs0wsMDQ4RFFpOUy5vYmplY3RzV05TLmtleXNWJGNsYXNzog8QgASABqISE4ACgAOAB1lhbGlhc0RhdGFccmVsYXRpdmVQYXRo0hgNGRpXTlMuZGF0YU8RAsgAAAAAAsgAAgAADE1hY2ludG9zaCBIRAAAAAAAAAAAAAAAAAAAAMgGU6tIKwAAAeEv4h8yMDA5YSAtIEdhbmVzaCAtIEZhIzY4RTlENzEucGRmAAAAAAAAAAAAAAAAAAAAAAAAAAAAAAAAAAAAAAAAAAAGjp1xy5PEDAAAAAAAAAAAAAYABQAACSAAAAAAAAAAAAAAAAAAAAAEMjAwOQAQAAgAAMgGthsAAAARAAgAAMuUJnwAAAABACAB4S/iAcu/4AHLv24ADzYzAA82JQAIShAACEoDAACSPwACAHxNYWNpbnRvc2ggSEQ6VXNlcnM6AG1iYWxhbmRhdDoARG9jdW1lbnRzOgBQaERfQmVya2VsZXk6AFJlc2VhcmNoOgBSZWZlcmVuY2VzOgBQYXBlcnMgOgAyMDA5OgAyMDA5YSAtIEdhbmVzaCAtIEZhIzY4RTlENzEucGRmAA4AoABPADIAMAAwADkAYQAgAC0AIABHAGEAbgBlAHMAaAAgAC0AIABGAGEAcwB0ACAAYQBsAGcAbwByAGkAdABoAG0AcwAgAGYAbwByACAAcgBlAGMAbwB2AGUAcgBpAG4AZwAgAGEAIABjAG8AcgByAHUAcAB0AGUAZAAgAGwAbwB3AC0AcgBhAG4AawAgAG0AYQB0AHIAaQB4AC4AcABkAGYADwAaAAwATQBhAGMAaQBuAHQAbwBzAGgAIABIAEQAEgCXVXNlcnMvbWJhbGFuZGF0L0RvY3VtZW50cy9QaERfQmVya2VsZXkvUmVzZWFyY2gvUmVmZXJlbmNlcy9QYXBlcnMgLzIwMDkvMjAwOWEgLSBHYW5lc2ggLSBGYXN0IGFsZ29yaXRobXMgZm9yIHJlY292ZXJpbmcgYSBjb3JydXB0ZWQgbG93LXJhbmsgbWF0cml4LnBkZgAAEwABLwAAFQACABD//wAAgAXSHB0eH1gkY2xhc3Nlc1okY2xhc3NuYW1lox8gIV1OU011dGFibGVEYXRhVk5TRGF0YVhOU09iamVjdF8Qgi4uLy4uLy4uLy4uLy4uLy4uL1Jlc2VhcmNoL1JlZmVyZW5jZXMvUGFwZXJzIC8yMDA5LzIwMDlhIC0gR2FuZXNoIC0gRmFzdCBhbGdvcml0aG1zIGZvciByZWNvdmVyaW5nIGEgY29ycnVwdGVkIGxvdy1yYW5rIG1hdHJpeC5wZGbSHB0kJaIlIVxOU0RpY3Rpb25hcnkSAAGGoF8QD05TS2V5ZWRBcmNoaXZlcgAIABEAFgAfACgAMgA1ADoAPABFAEsAUgBdAGUAbABvAHEAcwB2AHgAegB8AIYAkwCYAKADbANuA3MDfAOHA4sDmQOgA6kELgQzBDYEQwRIAAAAAAAAAgEAAAAAAAAAKAAAAAAAAAAAAAAAAAAABFo=},
	Bdsk-Url-1 = {http://dx.doi.org/10.1109/CAMSAP.2009.5413299}}

@article{Ganesh:2012uq,
	Abstract = {In this paper, we study the problem of decomposing a superposition of a low-rank matrix and a sparse matrix when a relatively few linear measurements are available. This problem arises in many data processing tasks such as aligning multiple images or rectifying regular texture, where the goal is to recover a low-rank matrix with a large fraction of corrupted entries in the presence of nonlinear domain transformation. We consider a natural convex heuristic to this problem which is a variant to the recently proposed Principal Component Pursuit. We prove that under suitable conditions, this convex program guarantees to recover the correct low-rank and sparse components despite reduced measurements. Our analysis covers both random and deterministic measurement models.},
	Author = {Ganesh, Arvind and Min, Kerui and Wright, John and Ma, Yi},
	Date-Added = {2012-03-18 19:27:26 +0000},
	Date-Modified = {2012-03-18 19:28:05 +0000},
	Ee = {http://arxiv.org/abs/1202.6445},
	Journal = {arXiv preprint},
	Title = {Principal Component Pursuit with Reduced Linear Measurements},
	Volume = {abs/1202.6445},
	Year = {2012},
	Bdsk-File-1 = {YnBsaXN0MDDUAQIDBAUIJidUJHRvcFgkb2JqZWN0c1gkdmVyc2lvblkkYXJjaGl2ZXLRBgdUcm9vdIABqAkKFRYXGyIjVSRudWxs0wsMDQ4RFFpOUy5vYmplY3RzV05TLmtleXNWJGNsYXNzog8QgASABqISE4ACgAOAB1lhbGlhc0RhdGFccmVsYXRpdmVQYXRo0hgNGRpXTlMuZGF0YU8RAqYAAAAAAqYAAgAADE1hY2ludG9zaCBIRAAAAAAAAAAAAAAAAAAAAMgGU6tIKwAABfUI5B8yMDEyYSAtIEdhbmVzaCAtIFByIzY3NDMwRDIucGRmAAAAAAAAAAAAAAAAAAAAAAAAAAAAAAAAAAAAAAAAAAAGdDDSy4uFOAAAAAAAAAAAAAYABQAACSAAAAAAAAAAAAAAAAAAAAAEMjAxMgAQAAgAAMgGthsAAAARAAgAAMuL56gAAAABACAF9QjkAcu/4AHLv24ADzYzAA82JQAIShAACEoDAACSPwACAHxNYWNpbnRvc2ggSEQ6VXNlcnM6AG1iYWxhbmRhdDoARG9jdW1lbnRzOgBQaERfQmVya2VsZXk6AFJlc2VhcmNoOgBSZWZlcmVuY2VzOgBQYXBlcnMgOgAyMDEyOgAyMDEyYSAtIEdhbmVzaCAtIFByIzY3NDMwRDIucGRmAA4AigBEADIAMAAxADIAYQAgAC0AIABHAGEAbgBlAHMAaAAgAC0AIABQAHIAaQBuAGMAaQBwAGEAbAAgAEMAbwBtAHAAbwBuAGUAbgB0ACAAUAB1AHIAcwB1AGkAdAAgAHcAaQB0AGgAIABSAGUAZAB1AGMAZQBkACAATABpAG4AZQBhAHIALgBwAGQAZgAPABoADABNAGEAYwBpAG4AdABvAHMAaAAgAEgARAASAIxVc2Vycy9tYmFsYW5kYXQvRG9jdW1lbnRzL1BoRF9CZXJrZWxleS9SZXNlYXJjaC9SZWZlcmVuY2VzL1BhcGVycyAvMjAxMi8yMDEyYSAtIEdhbmVzaCAtIFByaW5jaXBhbCBDb21wb25lbnQgUHVyc3VpdCB3aXRoIFJlZHVjZWQgTGluZWFyLnBkZgATAAEvAAAVAAIAEP//AACABdIcHR4fWCRjbGFzc2VzWiRjbGFzc25hbWWjHyAhXU5TTXV0YWJsZURhdGFWTlNEYXRhWE5TT2JqZWN0XxB3Li4vLi4vLi4vLi4vLi4vLi4vUmVzZWFyY2gvUmVmZXJlbmNlcy9QYXBlcnMgLzIwMTIvMjAxMmEgLSBHYW5lc2ggLSBQcmluY2lwYWwgQ29tcG9uZW50IFB1cnN1aXQgd2l0aCBSZWR1Y2VkIExpbmVhci5wZGbSHB0kJaIlIVxOU0RpY3Rpb25hcnkSAAGGoF8QD05TS2V5ZWRBcmNoaXZlcgAIABEAFgAfACgAMgA1ADoAPABFAEsAUgBdAGUAbABvAHEAcwB2AHgAegB8AIYAkwCYAKADSgNMA1EDWgNlA2kDdwN+A4cEAQQGBAkEFgQbAAAAAAAAAgEAAAAAAAAAKAAAAAAAAAAAAAAAAAAABC0=}}

@article{Wright:2012fk,
	Abstract = {We consider the problem of recovering a target matrix that is a superposition of low-rank and sparse components, from a small set of linear measurements. This problem arises in compressed sensing of structured high-dimensional signals such as videos and hyperspectral images, as well as in the analysis of transformation invariant low-rank recovery. We analyze the performance of the natural convex heuristic for solving this problem, under the assumption that measurements are chosen uniformly at random. We prove that this heuristic exactly recovers low-rank and sparse terms, provided the number of observations exceeds the number of intrinsic degrees of freedom of the component signals by a polylogarithmic factor. Our analysis introduces several ideas that may be of independent interest for the more general problem of compressed sensing and decomposing superpositions of multiple structured signals.},
	Annote = {Extends the RPCA methodology to the case when the data matrix M=L+S is not fully observed. The main result is that, under suitable assumptions on (i) the coherence of the low rank component, (ii) the sparsity pattern of the noise and (iii) the observation model, the L and S components can be recovered with high probability. 

The analysis relies on showing how the dual certificates from the fully observerd case may be used as a basis for obtaining dual certificates for the partially observed case. },
	Author = {Wright, John and Ganesh, Arvind and Min, Kerui and Ma, Yi},
	Date-Added = {2012-03-18 19:25:45 +0000},
	Date-Modified = {2012-03-19 17:08:44 +0000},
	Ee = {http://arxiv.org/abs/1202.4596},
	Journal = {arXiv preprint},
	Title = {Compressive Principal Component Pursuit},
	Volume = {abs/1202.4596},
	Year = {2012},
	Bdsk-File-1 = {YnBsaXN0MDDUAQIDBAUIJidUJHRvcFgkb2JqZWN0c1gkdmVyc2lvblkkYXJjaGl2ZXLRBgdUcm9vdIABqAkKFRYXGyIjVSRudWxs0wsMDQ4RFFpOUy5vYmplY3RzV05TLmtleXNWJGNsYXNzog8QgASABqISE4ACgAOAB1lhbGlhc0RhdGFccmVsYXRpdmVQYXRo0hgNGRpXTlMuZGF0YU8RAo4AAAAAAo4AAgAADE1hY2ludG9zaCBIRAAAAAAAAAAAAAAAAAAAAMgGU6tIKwAABfUI5B8yMDEyYSAtIFdyaWdodCAtIENvIzY3ODEyOEUucGRmAAAAAAAAAAAAAAAAAAAAAAAAAAAAAAAAAAAAAAAAAAAGeBKOy4uEzVBERiAAAAAAAAYABQAACSAAAAAAAAAAAAAAAAAAAAAEMjAxMgAQAAgAAMgGthsAAAARAAgAAMuL5z0AAAABACAF9QjkAcu/4AHLv24ADzYzAA82JQAIShAACEoDAACSPwACAHxNYWNpbnRvc2ggSEQ6VXNlcnM6AG1iYWxhbmRhdDoARG9jdW1lbnRzOgBQaERfQmVya2VsZXk6AFJlc2VhcmNoOgBSZWZlcmVuY2VzOgBQYXBlcnMgOgAyMDEyOgAyMDEyYSAtIFdyaWdodCAtIENvIzY3ODEyOEUucGRmAA4AegA8ADIAMAAxADIAYQAgAC0AIABXAHIAaQBnAGgAdAAgAC0AIABDAG8AbQBwAHIAZQBzAHMAaQB2AGUAIABQAHIAaQBuAGMAaQBwAGEAbAAgAEMAbwBtAHAAbwBuAGUAbgB0ACAAUAB1AHIAcwB1AGkAdAAuAHAAZABmAA8AGgAMAE0AYQBjAGkAbgB0AG8AcwBoACAASABEABIAhFVzZXJzL21iYWxhbmRhdC9Eb2N1bWVudHMvUGhEX0JlcmtlbGV5L1Jlc2VhcmNoL1JlZmVyZW5jZXMvUGFwZXJzIC8yMDEyLzIwMTJhIC0gV3JpZ2h0IC0gQ29tcHJlc3NpdmUgUHJpbmNpcGFsIENvbXBvbmVudCBQdXJzdWl0LnBkZgATAAEvAAAVAAIAEP//AACABdIcHR4fWCRjbGFzc2VzWiRjbGFzc25hbWWjHyAhXU5TTXV0YWJsZURhdGFWTlNEYXRhWE5TT2JqZWN0XxBvLi4vLi4vLi4vLi4vLi4vLi4vUmVzZWFyY2gvUmVmZXJlbmNlcy9QYXBlcnMgLzIwMTIvMjAxMmEgLSBXcmlnaHQgLSBDb21wcmVzc2l2ZSBQcmluY2lwYWwgQ29tcG9uZW50IFB1cnN1aXQucGRm0hwdJCWiJSFcTlNEaWN0aW9uYXJ5EgABhqBfEA9OU0tleWVkQXJjaGl2ZXIACAARABYAHwAoADIANQA6ADwARQBLAFIAXQBlAGwAbwBxAHMAdgB4AHoAfACGAJMAmACgAzIDNAM5A0IDTQNRA18DZgNvA+ED5gPpA/YD+wAAAAAAAAIBAAAAAAAAACgAAAAAAAAAAAAAAAAAAAQN}}

@article{Candes:2010fk,
	Abstract = {On the heels of compressed sensing, a new field has very recently emerged. This field addresses a broad range of problems of significant practical interest, namely, the recovery of a data matrix from what appears to be incomplete, and perhaps even corrupted, information. In its simplest form, the problem is to recover a matrix from a small sample of its entries. It comes up in many areas of science and engineering, including collaborative filtering, machine learning, control, remote sensing, and computer vision, to name a few. This paper surveys the novel literature on matrix completion, which shows that under some suitable conditions, one can recover an unknown low-rank matrix from a nearly minimal set of entries by solving a simple convex optimization problem, namely, nuclear-norm minimization subject to data constraints. Further, this paper introduces novel results showing that matrix completion is provably accurate even when the few observed entries are corrupted with a small amount of noise. A typical result is that one can recover an unknown matrix of low rank from just about log noisy samples with an error that is proportional to the noise level. We present numerical results that complement our quantitative analysis and show that, in practice, nuclear-norm minimization accurately fills in the many missing entries of large low-rank matrices from just a few noisy samples. Some analogies between matrix completion and compressed sensing are discussed throughout.},
	Author = {Candes, E.J. and Plan, Y.},
	Date-Added = {2012-03-16 22:18:46 +0000},
	Date-Modified = {2012-03-16 22:19:15 +0000},
	Doi = {10.1109/JPROC.2009.2035722},
	Issn = {0018-9219},
	Journal = {Proceedings of the IEEE},
	Keywords = {compressed sensing;convex optimization problem;data constraints;low rank matrices;matrix completion;nuclear norm minimization;data integrity;matrix algebra;minimisation;noise;signal sampling;},
	Month = {june},
	Number = {6},
	Pages = {925 -936},
	Title = {Matrix Completion With Noise},
	Volume = {98},
	Year = {2010},
	Bdsk-File-1 = {YnBsaXN0MDDUAQIDBAUIJidUJHRvcFgkb2JqZWN0c1gkdmVyc2lvblkkYXJjaGl2ZXLRBgdUcm9vdIABqAkKFRYXGyIjVSRudWxs0wsMDQ4RFFpOUy5vYmplY3RzV05TLmtleXNWJGNsYXNzog8QgASABqISE4ACgAOAB1lhbGlhc0RhdGFccmVsYXRpdmVQYXRo0hgNGRpXTlMuZGF0YU8RAm4AAAAAAm4AAgAADE1hY2ludG9zaCBIRAAAAAAAAAAAAAAAAAAAAMgGU6tIKwAAAeEv4x8yMDEwYSAtIENhbmRlcyAtIE1hIzY2Q0ExODYucGRmAAAAAAAAAAAAAAAAAAAAAAAAAAAAAAAAAAAAAAAAAAAGbKGGy4kKYwAAAAAAAAAAAAYABQAACSAAAAAAAAAAAAAAAAAAAAAEMjAxMAAQAAgAAMgGthsAAAARAAgAAMuJbNMAAAABACAB4S/jAcu/4AHLv24ADzYzAA82JQAIShAACEoDAACSPwACAHxNYWNpbnRvc2ggSEQ6VXNlcnM6AG1iYWxhbmRhdDoARG9jdW1lbnRzOgBQaERfQmVya2VsZXk6AFJlc2VhcmNoOgBSZWZlcmVuY2VzOgBQYXBlcnMgOgAyMDEwOgAyMDEwYSAtIENhbmRlcyAtIE1hIzY2Q0ExODYucGRmAA4AZAAxADIAMAAxADAAYQAgAC0AIABDAGEAbgBkAGUAcwAgAC0AIABNAGEAdAByAGkAeAAgAEMAbwBtAHAAbABlAHQAaQBvAG4AIABXAGkAdABoACAATgBvAGkAcwBlAC4AcABkAGYADwAaAAwATQBhAGMAaQBuAHQAbwBzAGgAIABIAEQAEgB5VXNlcnMvbWJhbGFuZGF0L0RvY3VtZW50cy9QaERfQmVya2VsZXkvUmVzZWFyY2gvUmVmZXJlbmNlcy9QYXBlcnMgLzIwMTAvMjAxMGEgLSBDYW5kZXMgLSBNYXRyaXggQ29tcGxldGlvbiBXaXRoIE5vaXNlLnBkZgAAEwABLwAAFQACABD//wAAgAXSHB0eH1gkY2xhc3Nlc1okY2xhc3NuYW1lox8gIV1OU011dGFibGVEYXRhVk5TRGF0YVhOU09iamVjdF8QZC4uLy4uLy4uLy4uLy4uLy4uL1Jlc2VhcmNoL1JlZmVyZW5jZXMvUGFwZXJzIC8yMDEwLzIwMTBhIC0gQ2FuZGVzIC0gTWF0cml4IENvbXBsZXRpb24gV2l0aCBOb2lzZS5wZGbSHB0kJaIlIVxOU0RpY3Rpb25hcnkSAAGGoF8QD05TS2V5ZWRBcmNoaXZlcgAIABEAFgAfACgAMgA1ADoAPABFAEsAUgBdAGUAbABvAHEAcwB2AHgAegB8AIYAkwCYAKADEgMUAxkDIgMtAzEDPwNGA08DtgO7A74DywPQAAAAAAAAAgEAAAAAAAAAKAAAAAAAAAAAAAAAAAAAA+I=},
	Bdsk-Url-1 = {http://dx.doi.org/10.1109/JPROC.2009.2035722}}

@article{Recht:2010ys,
	Author = {Recht, Benjamin and Fazel, Maryam and Parrilo, Pablo A.},
	Date-Added = {2012-03-14 16:20:12 +0000},
	Date-Modified = {2012-03-14 16:20:31 +0000},
	Doi = {10.1137/070697835},
	Journal = {SIAM Review},
	Keywords = {rank; convex optimization; matrix norms; random matrices; compressed sensing; semidefinite programming},
	Number = {3},
	Pages = {471-501},
	Publisher = {SIAM},
	Title = {Guaranteed Minimum-Rank Solutions of Linear Matrix Equations via Nuclear Norm Minimization},
	Url = {http://link.aip.org/link/?SIR/52/471/1},
	Volume = {52},
	Year = {2010},
	Bdsk-File-1 = {YnBsaXN0MDDUAQIDBAUIJidUJHRvcFgkb2JqZWN0c1gkdmVyc2lvblkkYXJjaGl2ZXLRBgdUcm9vdIABqAkKFRYXGyIjVSRudWxs0wsMDQ4RFFpOUy5vYmplY3RzV05TLmtleXNWJGNsYXNzog8QgASABqISE4ACgAOAB1lhbGlhc0RhdGFccmVsYXRpdmVQYXRo0hgNGRpXTlMuZGF0YU8RAsoAAAAAAsoAAgAADE1hY2ludG9zaCBIRAAAAAAAAAAAAAAAAAAAAMgGU6tIKwAAAeEv4x8yMDEwYSAtIFJlY2h0IC0gR3VhIzY2MUU0QkQucGRmAAAAAAAAAAAAAAAAAAAAAAAAAAAAAAAAAAAAAAAAAAAGYeS9y4YTVwAAAAAAAAAAAAYABQAACSAAAAAAAAAAAAAAAAAAAAAEMjAxMAAQAAgAAMgGthsAAAARAAgAAMuGdccAAAABACAB4S/jAcu/4AHLv24ADzYzAA82JQAIShAACEoDAACSPwACAHxNYWNpbnRvc2ggSEQ6VXNlcnM6AG1iYWxhbmRhdDoARG9jdW1lbnRzOgBQaERfQmVya2VsZXk6AFJlc2VhcmNoOgBSZWZlcmVuY2VzOgBQYXBlcnMgOgAyMDEwOgAyMDEwYSAtIFJlY2h0IC0gR3VhIzY2MUU0QkQucGRmAA4AogBQADIAMAAxADAAYQAgAC0AIABSAGUAYwBoAHQAIAAtACAARwB1AGEAcgBhAG4AdABlAGUAZAAgAE0AaQBuAGkAbQB1AG0ALQBSAGEAbgBrACAAUwBvAGwAdQB0AGkAbwBuAHMAIABvAGYAIABMAGkAbgBlAGEAcgAgAE0AYQB0AHIAaQB4ACAARQBxAHUAYQB0AGkAbwBuAHMALgBwAGQAZgAPABoADABNAGEAYwBpAG4AdABvAHMAaAAgAEgARAASAJhVc2Vycy9tYmFsYW5kYXQvRG9jdW1lbnRzL1BoRF9CZXJrZWxleS9SZXNlYXJjaC9SZWZlcmVuY2VzL1BhcGVycyAvMjAxMC8yMDEwYSAtIFJlY2h0IC0gR3VhcmFudGVlZCBNaW5pbXVtLVJhbmsgU29sdXRpb25zIG9mIExpbmVhciBNYXRyaXggRXF1YXRpb25zLnBkZgATAAEvAAAVAAIAEP//AACABdIcHR4fWCRjbGFzc2VzWiRjbGFzc25hbWWjHyAhXU5TTXV0YWJsZURhdGFWTlNEYXRhWE5TT2JqZWN0XxCDLi4vLi4vLi4vLi4vLi4vLi4vUmVzZWFyY2gvUmVmZXJlbmNlcy9QYXBlcnMgLzIwMTAvMjAxMGEgLSBSZWNodCAtIEd1YXJhbnRlZWQgTWluaW11bS1SYW5rIFNvbHV0aW9ucyBvZiBMaW5lYXIgTWF0cml4IEVxdWF0aW9ucy5wZGbSHB0kJaIlIVxOU0RpY3Rpb25hcnkSAAGGoF8QD05TS2V5ZWRBcmNoaXZlcgAIABEAFgAfACgAMgA1ADoAPABFAEsAUgBdAGUAbABvAHEAcwB2AHgAegB8AIYAkwCYAKADbgNwA3UDfgOJA40DmwOiA6sEMQQ2BDkERgRLAAAAAAAAAgEAAAAAAAAAKAAAAAAAAAAAAAAAAAAABF0=},
	Bdsk-Url-1 = {http://link.aip.org/link/?SIR/52/471/1},
	Bdsk-Url-2 = {http://dx.doi.org/10.1137/070697835}}

@article{Mahoney:2011fk,
	Author = {Mahoney, Michael W.},
	Date-Added = {2012-03-08 00:53:57 +0000},
	Date-Modified = {2012-03-08 04:07:32 +0000},
	Ee = {http://arxiv.org/abs/1104.5557},
	Journal = {arXiv preprint},
	Title = {Randomized algorithms for matrices and data},
	Volume = {abs/1104.5557},
	Year = {2011},
	Bdsk-File-1 = {YnBsaXN0MDDUAQIDBAUIJidUJHRvcFgkb2JqZWN0c1gkdmVyc2lvblkkYXJjaGl2ZXLRBgdUcm9vdIABqAkKFRYXGyIjVSRudWxs0wsMDQ4RFFpOUy5vYmplY3RzV05TLmtleXNWJGNsYXNzog8QgASABqISE4ACgAOAB1lhbGlhc0RhdGFccmVsYXRpdmVQYXRo0hgNGRpXTlMuZGF0YU8RAp4AAAAAAp4AAgAADE1hY2ludG9zaCBIRAAAAAAAAAAAAAAAAAAAAMgGU6tIKwAAAlUILB8yMDExYSAtIE1haG9uZXkgLSBSIzYzQUIzQzkucGRmAAAAAAAAAAAAAAAAAAAAAAAAAAAAAAAAAAAAAAAAAAAGOrPJy3W5owAAAAAAAAAAAAYABQAACSAAAAAAAAAAAAAAAAAAAAAEMjAxMQAQAAgAAMgGthsAAAARAAgAAMt2KiMAAAABACACVQgsAcu/4AHLv24ADzYzAA82JQAIShAACEoDAACSPwACAHxNYWNpbnRvc2ggSEQ6VXNlcnM6AG1iYWxhbmRhdDoARG9jdW1lbnRzOgBQaERfQmVya2VsZXk6AFJlc2VhcmNoOgBSZWZlcmVuY2VzOgBQYXBlcnMgOgAyMDExOgAyMDExYSAtIE1haG9uZXkgLSBSIzYzQUIzQzkucGRmAA4AhABBADIAMAAxADEAYQAgAC0AIABNAGEAaABvAG4AZQB5ACAALQAgAFIAYQBuAGQAbwBtAGkAegBlAGQAIABhAGwAZwBvAHIAaQB0AGgAbQBzACAAZgBvAHIAIABtAGEAdAByAGkAYwBlAHMAIABhAG4AZAAgAGQAYQB0AGEALgBwAGQAZgAPABoADABNAGEAYwBpAG4AdABvAHMAaAAgAEgARAASAIlVc2Vycy9tYmFsYW5kYXQvRG9jdW1lbnRzL1BoRF9CZXJrZWxleS9SZXNlYXJjaC9SZWZlcmVuY2VzL1BhcGVycyAvMjAxMS8yMDExYSAtIE1haG9uZXkgLSBSYW5kb21pemVkIGFsZ29yaXRobXMgZm9yIG1hdHJpY2VzIGFuZCBkYXRhLnBkZgAAEwABLwAAFQACABD//wAAgAXSHB0eH1gkY2xhc3Nlc1okY2xhc3NuYW1lox8gIV1OU011dGFibGVEYXRhVk5TRGF0YVhOU09iamVjdF8QdC4uLy4uLy4uLy4uLy4uLy4uL1Jlc2VhcmNoL1JlZmVyZW5jZXMvUGFwZXJzIC8yMDExLzIwMTFhIC0gTWFob25leSAtIFJhbmRvbWl6ZWQgYWxnb3JpdGhtcyBmb3IgbWF0cmljZXMgYW5kIGRhdGEucGRm0hwdJCWiJSFcTlNEaWN0aW9uYXJ5EgABhqBfEA9OU0tleWVkQXJjaGl2ZXIACAARABYAHwAoADIANQA6ADwARQBLAFIAXQBlAGwAbwBxAHMAdgB4AHoAfACGAJMAmACgA0IDRANJA1IDXQNhA28DdgN/A/YD+wP+BAsEEAAAAAAAAAIBAAAAAAAAACgAAAAAAAAAAAAAAAAAAAQi}}

@article{Hsu:2011ys,
	Abstract = {Suppose a given observation matrix can be decomposed as the sum of a low-rank matrix and a sparse matrix, and the goal is to recover these individual components from the observed sum. Such additive decompositions have applications in a variety of numerical problems including system identification, latent variable graphical modeling, and principal components analysis. We study conditions under which recovering such a decomposition is possible via a combination of #x2113;1 norm and trace norm minimization. We are specifically interested in the question of how many sparse corruptions are allowed so that convex programming can still achieve accurate recovery, and we obtain stronger recovery guarantees than previous studies. Moreover, we do not assume that the spatial pattern of corruptions is random, which stands in contrast to related analyses under such assumptions via matrix completion.},
	Author = {Hsu, D. and Kakade, S.M. and Zhang, Tong},
	Date-Added = {2012-03-08 00:49:49 +0000},
	Date-Modified = {2012-03-08 00:49:51 +0000},
	Doi = {10.1109/TIT.2011.2158250},
	Issn = {0018-9448},
	Journal = {Information Theory, IEEE Transactions on},
	Keywords = {additive decomposition;convex programming;latent variable graphical modeling;low-rank matrix;principal components analysis;robust matrix decomposition;sparse corruption;sparse matrix;system identification numerical problem;trace norm minimization;convex programming;matrix decomposition;minimisation;sparse matrices;},
	Month = {nov.},
	Number = {11},
	Pages = {7221 -7234},
	Title = {Robust Matrix Decomposition With Sparse Corruptions},
	Volume = {57},
	Year = {2011},
	Bdsk-File-1 = {YnBsaXN0MDDUAQIDBAUIJidUJHRvcFgkb2JqZWN0c1gkdmVyc2lvblkkYXJjaGl2ZXLRBgdUcm9vdIABqAkKFRYXGyIjVSRudWxs0wsMDQ4RFFpOUy5vYmplY3RzV05TLmtleXNWJGNsYXNzog8QgASABqISE4ACgAOAB1lhbGlhc0RhdGFccmVsYXRpdmVQYXRo0hgNGRpXTlMuZGF0YU8RAqoAAAAAAqoAAgAADE1hY2ludG9zaCBIRAAAAAAAAAAAAAAAAAAAAMgGU6tIKwAAAlUILB8yMDExYSAtIEhzdSAtIFJvYnVzIzY0QzMxQzgucGRmAAAAAAAAAAAAAAAAAAAAAAAAAAAAAAAAAAAAAAAAAAAGTDHIy31CEgAAAAAAAAAAAAYABQAACSAAAAAAAAAAAAAAAAAAAAAEMjAxMQAQAAgAAMgGthsAAAARAAgAAMt9spIAAAABACACVQgsAcu/4AHLv24ADzYzAA82JQAIShAACEoDAACSPwACAHxNYWNpbnRvc2ggSEQ6VXNlcnM6AG1iYWxhbmRhdDoARG9jdW1lbnRzOgBQaERfQmVya2VsZXk6AFJlc2VhcmNoOgBSZWZlcmVuY2VzOgBQYXBlcnMgOgAyMDExOgAyMDExYSAtIEhzdSAtIFJvYnVzIzY0QzMxQzgucGRmAA4AjABFADIAMAAxADEAYQAgAC0AIABIAHMAdQAgAC0AIABSAG8AYgB1AHMAdAAgAE0AYQB0AHIAaQB4ACAARABlAGMAbwBtAHAAbwBzAGkAdABpAG8AbgAgAFcAaQB0AGgAIABTAHAAYQByAHMAZQAgAEMAbwByAHIAdQBwAHQAaQBvAG4AcwAuAHAAZABmAA8AGgAMAE0AYQBjAGkAbgB0AG8AcwBoACAASABEABIAjVVzZXJzL21iYWxhbmRhdC9Eb2N1bWVudHMvUGhEX0JlcmtlbGV5L1Jlc2VhcmNoL1JlZmVyZW5jZXMvUGFwZXJzIC8yMDExLzIwMTFhIC0gSHN1IC0gUm9idXN0IE1hdHJpeCBEZWNvbXBvc2l0aW9uIFdpdGggU3BhcnNlIENvcnJ1cHRpb25zLnBkZgAAEwABLwAAFQACABD//wAAgAXSHB0eH1gkY2xhc3Nlc1okY2xhc3NuYW1lox8gIV1OU011dGFibGVEYXRhVk5TRGF0YVhOU09iamVjdF8QeC4uLy4uLy4uLy4uLy4uLy4uL1Jlc2VhcmNoL1JlZmVyZW5jZXMvUGFwZXJzIC8yMDExLzIwMTFhIC0gSHN1IC0gUm9idXN0IE1hdHJpeCBEZWNvbXBvc2l0aW9uIFdpdGggU3BhcnNlIENvcnJ1cHRpb25zLnBkZtIcHSQloiUhXE5TRGljdGlvbmFyeRIAAYagXxAPTlNLZXllZEFyY2hpdmVyAAgAEQAWAB8AKAAyADUAOgA8AEUASwBSAF0AZQBsAG8AcQBzAHYAeAB6AHwAhgCTAJgAoANOA1ADVQNeA2kDbQN7A4IDiwQGBAsEDgQbBCAAAAAAAAACAQAAAAAAAAAoAAAAAAAAAAAAAAAAAAAEMg==},
	Bdsk-Url-1 = {http://dx.doi.org/10.1109/TIT.2011.2158250}}

@inproceedings{Zhou:2010vn,
	Abstract = {In this paper, we study the problem of recovering a low-rank matrix (the principal components) from a high-dimensional data matrix despite both small entry-wise noise and gross sparse errors. Recently, it has been shown that a convex program, named Principal Component Pursuit (PCP), can recover the low-rank matrix when the data matrix is corrupted by gross sparse errors. We further prove that the solution to a related convex program (a relaxed PCP) gives an estimate of the low-rank matrix that is simultaneously stable to small entry-wise noise and robust to gross sparse errors. More precisely, our result shows that the proposed convex program recovers the low-rank matrix even though a positive fraction of its entries are arbitrarily corrupted, with an error bound proportional to the noise level. We present simulation results to support our result and demonstrate that the new convex program accurately recovers the principal components (the low-rank matrix) under quite broad conditions. To our knowledge, this is the first result that shows the classical Principal Component Analysis (PCA), optimal for small i.i.d. noise, can be made robust to gross sparse errors; or the first that shows the newly proposed PCP can be made stable to small entry-wise perturbations.},
	Author = {Zhou, Zihan and Li, Xiaodong and Wright, J. and Cand{\`e}s, Emmanuel and Ma, Yi},
	Booktitle = {Information Theory Proceedings (ISIT), 2010 IEEE International Symposium on},
	Date-Added = {2012-03-08 00:43:12 +0000},
	Date-Modified = {2012-03-08 00:44:38 +0000},
	Doi = {10.1109/ISIT.2010.5513535},
	Keywords = {convex program;data matrix;gross sparse errors;principal component analysis;stable principal component pursuit;convex programming;principal component analysis;},
	Month = {june},
	Pages = {1518 -1522},
	Title = {Stable Principal Component Pursuit},
	Year = {2010},
	Bdsk-File-1 = {YnBsaXN0MDDUAQIDBAUIJidUJHRvcFgkb2JqZWN0c1gkdmVyc2lvblkkYXJjaGl2ZXLRBgdUcm9vdIABqAkKFRYXGyIjVSRudWxs0wsMDQ4RFFpOUy5vYmplY3RzV05TLmtleXNWJGNsYXNzog8QgASABqISE4ACgAOAB1lhbGlhc0RhdGFccmVsYXRpdmVQYXRo0hgNGRpXTlMuZGF0YU8RAnoAAAAAAnoAAgAADE1hY2ludG9zaCBIRAAAAAAAAAAAAAAAAAAAAMgGU6tIKwAAAeEv4x8yMDEwYSAtIFpob3UgLSBTdGFiIzY0QzI3RUQucGRmAAAAAAAAAAAAAAAAAAAAAAAAAAAAAAAAAAAAAAAAAAAGTCfty31AkAAAAAAAAAAAAAYABQAACSAAAAAAAAAAAAAAAAAAAAAEMjAxMAAQAAgAAMgGthsAAAARAAgAAMt9sRAAAAABACAB4S/jAcu/4AHLv24ADzYzAA82JQAIShAACEoDAACSPwACAHxNYWNpbnRvc2ggSEQ6VXNlcnM6AG1iYWxhbmRhdDoARG9jdW1lbnRzOgBQaERfQmVya2VsZXk6AFJlc2VhcmNoOgBSZWZlcmVuY2VzOgBQYXBlcnMgOgAyMDEwOgAyMDEwYSAtIFpob3UgLSBTdGFiIzY0QzI3RUQucGRmAA4AbAA1ADIAMAAxADAAYQAgAC0AIABaAGgAbwB1ACAALQAgAFMAdABhAGIAbABlACAAUAByAGkAbgBjAGkAcABhAGwAIABDAG8AbQBwAG8AbgBlAG4AdAAgAFAAdQByAHMAdQBpAHQALgBwAGQAZgAPABoADABNAGEAYwBpAG4AdABvAHMAaAAgAEgARAASAH1Vc2Vycy9tYmFsYW5kYXQvRG9jdW1lbnRzL1BoRF9CZXJrZWxleS9SZXNlYXJjaC9SZWZlcmVuY2VzL1BhcGVycyAvMjAxMC8yMDEwYSAtIFpob3UgLSBTdGFibGUgUHJpbmNpcGFsIENvbXBvbmVudCBQdXJzdWl0LnBkZgAAEwABLwAAFQACABD//wAAgAXSHB0eH1gkY2xhc3Nlc1okY2xhc3NuYW1lox8gIV1OU011dGFibGVEYXRhVk5TRGF0YVhOU09iamVjdF8QaC4uLy4uLy4uLy4uLy4uLy4uL1Jlc2VhcmNoL1JlZmVyZW5jZXMvUGFwZXJzIC8yMDEwLzIwMTBhIC0gWmhvdSAtIFN0YWJsZSBQcmluY2lwYWwgQ29tcG9uZW50IFB1cnN1aXQucGRm0hwdJCWiJSFcTlNEaWN0aW9uYXJ5EgABhqBfEA9OU0tleWVkQXJjaGl2ZXIACAARABYAHwAoADIANQA6ADwARQBLAFIAXQBlAGwAbwBxAHMAdgB4AHoAfACGAJMAmACgAx4DIAMlAy4DOQM9A0sDUgNbA8YDywPOA9sD4AAAAAAAAAIBAAAAAAAAACgAAAAAAAAAAAAAAAAAAAPy},
	Bdsk-Url-1 = {http://dx.doi.org/10.1109/ISIT.2010.5513535}}

@article{Watson:1992kx,
	Abstract = {A characterization is given of the subdifferential of matrix norms from two classes, orthogonally invariant norms and operator (or subordinate) norms. Specific results are derived for some special cases.},
	Author = {Watson, G.A.},
	Date-Added = {2012-03-06 06:12:42 +0000},
	Date-Modified = {2012-03-06 06:13:00 +0000},
	Doi = {10.1016/0024-3795(92)90407-2},
	Issn = {0024-3795},
	Journal = {Linear Algebra and its Applications},
	Number = {0},
	Pages = {33 - 45},
	Title = {Characterization of the subdifferential of some matrix norms},
	Url = {http://www.sciencedirect.com/science/article/pii/0024379592904072},
	Volume = {170},
	Year = {1992},
	Bdsk-File-1 = {YnBsaXN0MDDUAQIDBAUIJidUJHRvcFgkb2JqZWN0c1gkdmVyc2lvblkkYXJjaGl2ZXLRBgdUcm9vdIABqAkKFRYXGyIjVSRudWxs0wsMDQ4RFFpOUy5vYmplY3RzV05TLmtleXNWJGNsYXNzog8QgASABqISE4ACgAOAB1lhbGlhc0RhdGFccmVsYXRpdmVQYXRo0hgNGRpXTlMuZGF0YU8RAs4AAAAAAs4AAgAADE1hY2ludG9zaCBIRAAAAAAAAAAAAAAAAAAAAMgGU6tIKwAAAeEv0B8xOTkyYSAtIFdhdHNvbiAtIENoIzY0ODY4MjkucGRmAAAAAAAAAAAAAAAAAAAAAAAAAAAAAAAAAAAAAAAAAAAGSGgpy3rqrgAAAAAAAAAAAAYABQAACSAAAAAAAAAAAAAAAAAAAAAEMTk5MgAQAAgAAMgGthsAAAARAAgAAMt7Wy4AAAABACAB4S/QAcu/4AHLv24ADzYzAA82JQAIShAACEoDAACSPwACAHxNYWNpbnRvc2ggSEQ6VXNlcnM6AG1iYWxhbmRhdDoARG9jdW1lbnRzOgBQaERfQmVya2VsZXk6AFJlc2VhcmNoOgBSZWZlcmVuY2VzOgBQYXBlcnMgOgAxOTkyOgAxOTkyYSAtIFdhdHNvbiAtIENoIzY0ODY4MjkucGRmAA4ApABRADEAOQA5ADIAYQAgAC0AIABXAGEAdABzAG8AbgAgAC0AIABDAGgAYQByAGEAYwB0AGUAcgBpAHoAYQB0AGkAbwBuACAAbwBmACAAdABoAGUAIABzAHUAYgBkAGkAZgBmAGUAcgBlAG4AdABpAGEAbAAgAG8AZgAgAHMAbwBtAGUAIABtAGEAdAByAGkAeAAgAG4AbwByAG0AcwAuAHAAZABmAA8AGgAMAE0AYQBjAGkAbgB0AG8AcwBoACAASABEABIAmVVzZXJzL21iYWxhbmRhdC9Eb2N1bWVudHMvUGhEX0JlcmtlbGV5L1Jlc2VhcmNoL1JlZmVyZW5jZXMvUGFwZXJzIC8xOTkyLzE5OTJhIC0gV2F0c29uIC0gQ2hhcmFjdGVyaXphdGlvbiBvZiB0aGUgc3ViZGlmZmVyZW50aWFsIG9mIHNvbWUgbWF0cml4IG5vcm1zLnBkZgAAEwABLwAAFQACABD//wAAgAXSHB0eH1gkY2xhc3Nlc1okY2xhc3NuYW1lox8gIV1OU011dGFibGVEYXRhVk5TRGF0YVhOU09iamVjdF8QhC4uLy4uLy4uLy4uLy4uLy4uL1Jlc2VhcmNoL1JlZmVyZW5jZXMvUGFwZXJzIC8xOTkyLzE5OTJhIC0gV2F0c29uIC0gQ2hhcmFjdGVyaXphdGlvbiBvZiB0aGUgc3ViZGlmZmVyZW50aWFsIG9mIHNvbWUgbWF0cml4IG5vcm1zLnBkZtIcHSQloiUhXE5TRGljdGlvbmFyeRIAAYagXxAPTlNLZXllZEFyY2hpdmVyAAgAEQAWAB8AKAAyADUAOgA8AEUASwBSAF0AZQBsAG8AcQBzAHYAeAB6AHwAhgCTAJgAoANyA3QDeQOCA40DkQOfA6YDrwQ2BDsEPgRLBFAAAAAAAAACAQAAAAAAAAAoAAAAAAAAAAAAAAAAAAAEYg==},
	Bdsk-Url-1 = {http://www.sciencedirect.com/science/article/pii/0024379592904072},
	Bdsk-Url-2 = {http://dx.doi.org/10.1016/0024-3795(92)90407-2}}

@article{Candes:2009uq,
	Author = {Cand\`{e}s, Emmanuel and Recht, Benjamin},
	Date-Added = {2012-03-06 04:16:00 +0000},
	Date-Modified = {2012-03-06 04:25:53 +0000},
	Issn = {1615-3375},
	Issue = {6},
	Journal = {Foundations of Computational Mathematics},
	Keyword = {Mathematics and Statistics},
	Pages = {717-772},
	Publisher = {Springer New York},
	Title = {Exact Matrix Completion via Convex Optimization},
	Url = {http://dx.doi.org/10.1007/s10208-009-9045-5},
	Volume = {9},
	Year = {2009},
	Bdsk-File-1 = {YnBsaXN0MDDUAQIDBAUIJidUJHRvcFgkb2JqZWN0c1gkdmVyc2lvblkkYXJjaGl2ZXLRBgdUcm9vdIABqAkKFRYXGyIjVSRudWxs0wsMDQ4RFFpOUy5vYmplY3RzV05TLmtleXNWJGNsYXNzog8QgASABqISE4ACgAOAB1lhbGlhc0RhdGFccmVsYXRpdmVQYXRo0hgNGRpXTlMuZGF0YU8RAqoAAAAAAqoAAgAADE1hY2ludG9zaCBIRAAAAAAAAAAAAAAAAAAAAMgGU6tIKwAAAeEv4h8yMDA5YSAtIENhbmSPcyAtIEV4IzY0ODVDNUQucGRmAAAAAAAAAAAAAAAAAAAAAAAAAAAAAAAAAAAAAAAAAAAGSFxdy3rP1lBERiAAAAAAAAYABQAACSAAAAAAAAAAAAAAAAAAAAAEMjAwOQAQAAgAAMgGthsAAAARAAgAAMt7QFYAAAABACAB4S/iAcu/4AHLv24ADzYzAA82JQAIShAACEoDAACSPwACAHxNYWNpbnRvc2ggSEQ6VXNlcnM6AG1iYWxhbmRhdDoARG9jdW1lbnRzOgBQaERfQmVya2VsZXk6AFJlc2VhcmNoOgBSZWZlcmVuY2VzOgBQYXBlcnMgOgAyMDA5OgAyMDA5YSAtIENhbmSPcyAtIEV4IzY0ODVDNUQucGRmAA4AjABFADIAMAAwADkAYQAgAC0AIABDAGEAbgBkAGUDAABzACAALQAgAEUAeABhAGMAdAAgAE0AYQB0AHIAaQB4ACAAQwBvAG0AcABsAGUAdABpAG8AbgAgAHYAaQBhACAAQwBvAG4AdgBlAHgAIABPAHAAdABpAG0AaQB6AGEAdABpAG8AbgAuAHAAZABmAA8AGgAMAE0AYQBjAGkAbgB0AG8AcwBoACAASABEABIAjlVzZXJzL21iYWxhbmRhdC9Eb2N1bWVudHMvUGhEX0JlcmtlbGV5L1Jlc2VhcmNoL1JlZmVyZW5jZXMvUGFwZXJzIC8yMDA5LzIwMDlhIC0gQ2FuZGXMgHMgLSBFeGFjdCBNYXRyaXggQ29tcGxldGlvbiB2aWEgQ29udmV4IE9wdGltaXphdGlvbi5wZGYAEwABLwAAFQACABD//wAAgAXSHB0eH1gkY2xhc3Nlc1okY2xhc3NuYW1lox8gIV1OU011dGFibGVEYXRhVk5TRGF0YVhOU09iamVjdG8QeAAuAC4ALwAuAC4ALwAuAC4ALwAuAC4ALwAuAC4ALwAuAC4ALwBSAGUAcwBlAGEAcgBjAGgALwBSAGUAZgBlAHIAZQBuAGMAZQBzAC8AUABhAHAAZQByAHMAIAAvADIAMAAwADkALwAyADAAMAA5AGEAIAAtACAAQwBhAG4AZABlAwAAcwAgAC0AIABFAHgAYQBjAHQAIABNAGEAdAByAGkAeAAgAEMAbwBtAHAAbABlAHQAaQBvAG4AIAB2AGkAYQAgAEMAbwBuAHYAZQB4ACAATwBwAHQAaQBtAGkAegBhAHQAaQBvAG4ALgBwAGQAZtIcHSQloiUhXE5TRGljdGlvbmFyeRIAAYagXxAPTlNLZXllZEFyY2hpdmVyAAgAEQAWAB8AKAAyADUAOgA8AEUASwBSAF0AZQBsAG8AcQBzAHYAeAB6AHwAhgCTAJgAoANOA1ADVQNeA2kDbQN7A4IDiwR+BIMEhgSTBJgAAAAAAAACAQAAAAAAAAAoAAAAAAAAAAAAAAAAAAAEqg==},
	Bdsk-Url-1 = {http://dx.doi.org/10.1007/s10208-009-9045-5}}

@article{Candes:2011fk,
	Acmid = {1970395},
	Address = {New York, NY, USA},
	Articleno = {11},
	Author = {Cand\`{e}s, Emmanuel J. and Li, Xiaodong and Ma, Yi and Wright, John},
	Date-Added = {2012-02-20 22:15:46 +0000},
	Date-Modified = {2012-02-20 22:15:55 +0000},
	Doi = {http://doi.acm.org/10.1145/1970392.1970395},
	Issn = {0004-5411},
	Issue = {3},
	Issue_Date = {May 2011},
	Journal = {J. ACM},
	Keywords = {\&ell;<sub>1</sub>-norm minimization, Principal components, duality, low-rank matrices, nuclear-norm minimization, robustness vis-a-vis outliers, sparsity, video surveillance},
	Month = jun,
	Numpages = {37},
	Pages = {11:1--11:37},
	Publisher = {ACM},
	Title = {Robust principal component analysis?},
	Url = {http://doi.acm.org/10.1145/1970392.1970395},
	Volume = {58},
	Year = {2011},
	Bdsk-File-1 = {YnBsaXN0MDDUAQIDBAUIJidUJHRvcFgkb2JqZWN0c1gkdmVyc2lvblkkYXJjaGl2ZXLRBgdUcm9vdIABqAkKFRYXGyIjVSRudWxs0wsMDQ4RFFpOUy5vYmplY3RzV05TLmtleXNWJGNsYXNzog8QgASABqISE4ACgAOAB1lhbGlhc0RhdGFccmVsYXRpdmVQYXRo0hgNGRpXTlMuZGF0YU8RAoYAAAAAAoYAAgAADE1hY2ludG9zaCBIRAAAAAAAAAAAAAAAAAAAAMgGU6tIKwAAAlUILB8yMDExYSAtIENhbmRlcyAtIFJvIzYyN0JDQjMucGRmAAAAAAAAAAAAAAAAAAAAAAAAAAAAAAAAAAAAAAAAAAAGJ7yzy2gF6lBERiAAAAAAAAYABQAACSAAAAAAAAAAAAAAAAAAAAAEMjAxMQAQAAgAAMgGthsAAAARAAgAAMtodmoAAAABACACVQgsAcu/4AHLv24ADzYzAA82JQAIShAACEoDAACSPwACAHxNYWNpbnRvc2ggSEQ6VXNlcnM6AG1iYWxhbmRhdDoARG9jdW1lbnRzOgBQaERfQmVya2VsZXk6AFJlc2VhcmNoOgBSZWZlcmVuY2VzOgBQYXBlcnMgOgAyMDExOgAyMDExYSAtIENhbmRlcyAtIFJvIzYyN0JDQjMucGRmAA4AdAA5ADIAMAAxADEAYQAgAC0AIABDAGEAbgBkAGUAcwAgAC0AIABSAG8AYgB1AHMAdAAgAHAAcgBpAG4AYwBpAHAAYQBsACAAYwBvAG0AcABvAG4AZQBuAHQAIABhAG4AYQBsAHkAcwBpAHMAPwAuAHAAZABmAA8AGgAMAE0AYQBjAGkAbgB0AG8AcwBoACAASABEABIAgVVzZXJzL21iYWxhbmRhdC9Eb2N1bWVudHMvUGhEX0JlcmtlbGV5L1Jlc2VhcmNoL1JlZmVyZW5jZXMvUGFwZXJzIC8yMDExLzIwMTFhIC0gQ2FuZGVzIC0gUm9idXN0IHByaW5jaXBhbCBjb21wb25lbnQgYW5hbHlzaXM/LnBkZgAAEwABLwAAFQACABD//wAAgAXSHB0eH1gkY2xhc3Nlc1okY2xhc3NuYW1lox8gIV1OU011dGFibGVEYXRhVk5TRGF0YVhOU09iamVjdF8QbC4uLy4uLy4uLy4uLy4uLy4uL1Jlc2VhcmNoL1JlZmVyZW5jZXMvUGFwZXJzIC8yMDExLzIwMTFhIC0gQ2FuZGVzIC0gUm9idXN0IHByaW5jaXBhbCBjb21wb25lbnQgYW5hbHlzaXM/LnBkZtIcHSQloiUhXE5TRGljdGlvbmFyeRIAAYagXxAPTlNLZXllZEFyY2hpdmVyAAgAEQAWAB8AKAAyADUAOgA8AEUASwBSAF0AZQBsAG8AcQBzAHYAeAB6AHwAhgCTAJgAoAMqAywDMQM6A0UDSQNXA14DZwPWA9sD3gPrA/AAAAAAAAACAQAAAAAAAAAoAAAAAAAAAAAAAAAAAAAEAg==},
	Bdsk-Url-1 = {http://doi.acm.org/10.1145/1970392.1970395}}




@article{Ganesh:2012,
	Author = {Arvind Ganesh and Kerui Min and John Wright and Yi Ma},
	Date-Added = {2012-04-04 15:27:30 -0700},
	Date-Modified = {2012-04-04 15:28:59 -0700},
	Journal = {submitted to International Symposium on Information Theory},
	Title = {Principal Component Pursuit with Reduced Linear Measurements},
	Year = {2012}}

@chapter{Zhang:2011,
	Author = {Zhengdong Zhang and Xiao Liang and Arvind Ganesh and Yi Ma},
	Booktitle = {Computer Vision -- ACCV 2010},
	Date-Added = {2012-04-04 15:23:42 -0700},
	Date-Modified = {2012-04-04 15:24:47 -0700},
	Doi = {10.1007/978-3-642-19318-7_25},
	Pages = {314--328},
	Series = {Lecture Notes in Computer Science},
	Title = {TILT: Transform Invariant Low-Rank Textures},
	Volume = {6494},
	Year = {2011},
	Bdsk-Url-1 = {http://www.springerlink.com/content/h411h4lh021x8k40/export-citation/fulltext.pdf},
	Bdsk-Url-2 = {http://dx.doi.org/10.1007/978-3-642-19318-7_25}}

@inproceedings{Peng:2010,
	Author = {Yigang Peng and Ganesh, A. and Wright, J. and Wenli Xu and Yi Ma},
	Booktitle = {Computer Vision and Pattern Recognition (CVPR), 2010 IEEE Conference on},
	Date-Added = {2012-04-04 15:13:53 -0700},
	Date-Modified = {2012-04-04 15:24:54 -0700},
	Doi = {10.1109/CVPR.2010.5540138},
	Issn = {1063-6919},
	Keywords = {RASL;convex programs;gross corruption;image domain transformations;linearly correlated images;low-rank decomposition;low-rank matrix;occlusion;optimization problem;realistic misalignments;recovered aligned images;robust alignment algorithm;scalable convex optimization techniques;sparse decomposition;sparse matrix;transformed image matrix;computer graphics;convex programming;correlation methods;image registration;sparse matrices;},
	Month = {june},
	Pages = {763 -770},
	Title = {RASL: Robust alignment by sparse and low-rank decomposition for linearly correlated images},
	Year = {2010},
	Bdsk-Url-1 = {http://dx.doi.org/10.1109/CVPR.2010.5540138}}
	
	
	